2864 4866
375 423 514 470 rnoans
537 424 807 474 fflsronranuu.
1004 408 1071 474 247

120 579 281 658 marinas,
306 589 345 645 ut
368 589 477 646 terras
499 590 677 648 revocaret
695 583 852 660 amissas,
875 583 966 650 idem
990 583 1069 647 Hu-
1078 599 1136 688 cqc.
1148 601 1203 641 12³2.

120 680 237 744 bertus
271 681 437 756 dissuasit
468 703 512 746 ne
546 702 608 746 rex
639 682 890 748 Norrnanniam
921 661 1169 788 intraretprigq‘set⁸

119 779 291 844 hostiliter
311 782 367 846 vel
390 783 426 846 in
448 783 535 846 alias
558 790 669 847 terras
693 783 736 846 ad
757 781 818 866 jus
841 802 943 846 suum
965 803 1065 866 spec·
1078 754 1162 850 nini?
1171 752 1197 790 ἀρ

120 886 254 960 tantes3
278 882 369 946 unde
385 883 585 947 thesaurum
601 902 701 946 suum
718 883 868 946 inaniter
882 902 1066 967 consump-

118 981 164 1044 sit
179 981 317 1059 ibidem,
339 989 375 1048 et
393 989 574 1065 magnates
595 982 658 1060 illi,
681 983 838 1066 quicum
860 983 937 1066 ipso
954 992 1065 1049 erant.

120 1079 210 1144 Item
237 1083 353 1164 arguit
375 1102 453 1146 eum
481 1102 557 1160 rex,
578 1083 670 1166 quod
694 1083 801 1147 filiam
828 1084 920 1165 regis
943 1083 1066 1149 Scoto-

118 1199 204 1258 rum,
229 1202 334 1264 quam
360 1203 423 1247 rex
444 1182 624 1248 Jobannes
647 1184 789 1248 tradidit
810 1183 861 1247 illi
889 1185 925 1248 in
950 1191 1066 1249 custo·

119 1281 224 1358 diam,
259 1290 298 1347 ut
325 1303 402 1347 eam
439 1284 506 1347 sibi
543 1283 761 1348 matrimonio
798 1284 959 1361 sociaret,
990 1285 1065 1368 ipse

117 1382 304 1465 proditiose
326 1384 512 1448 concubuit
532 1403 610 1447 cum
632 1402 675 1448 ea
696 1392 732 1449 et
753 1386 819 1447 sub
839 1384 1065 1450 fornicatione

117 1482 243 1547 liberos
274 1484 454 1564 generavit
483 1503 528 1548 ex
566 1484 628 1548 illa
660 1485 877 1567 nobilemque
913 1485 1064 1569 puellam

117 1583 307 1666 prostituit,
337 1592 473 1649 etcum
501 1603 564 1666 spe
593 1585 691 1666 regni
719 1585 913 1663 Scotorum,
940 1586 971 1650 si
993 1584 1064 1649 ira-

118 1691 204 1747 trem
234 1685 484 1767 superviveret,
510 1703 587 1748 eam
617 1685 683 1748 sibi
708 1685 894 1749 subtraxit.
962 1685 1065 1750 Dixit

117 1785 221 1848 etiam
236 1799 311 1864 rex,
325 1786 416 1869 quod
432 1785 582 1869 lapidem
598 1785 771 1868 quendam
785 1786 988 1868 pretiosum,
1003 1786 1064 1868 qui

118 1884 223 1948 talem
242 1884 364 1950 babuit
381 1887 557 1962 virtutem,
573 1885 666 1968 quod
689 1884 787 1962 nulli,
803 1885 863 1968 qui
885 1904 963 1949 eum
986 1903 1063 1967 por-

118 1990 209 2049 taret
232 1985 268 2048 in
291 1985 392 2064 bello,
412 1986 504 2052 vinci
529 1986 711 2069 potuisset,
733 1986 808 2068 ipse
834 1985 877 2048 de
901 1985 1063 2050 thesauro

88 2104 181 2150 ,suo
213 2085 340 2151 furtive
371 2105 541 2168 gemmam
564 2085 716 2163 sustulit,
747 2092 782 2150 et
810 2104 887 2149 eam
919 2085 1063 2149 Loelino

117 2184 255 2251 inimico
282 2206 359 2264 suo,
381 2188 455 2269 regi
473 2186 626 2263 Walliae,
651 2186 839 2269 proditiose
861 2185 1063 2250 transmisit.

118 2285 209 2351 Item
239 2287 271 2351 ei
295 2287 471 2370 imposuit,
495 2286 589 2371 quod
612 2306 673 2369 per
696 2286 829 2364 literas,
856 2304 944 2368 quas
974 2284 1063 2349 Loe-

116 2385 188 2450 lino
209 2388 354 2471 principi
374 2387 583 2453 Walliarum
600 2387 853 2464 transmiserat,
875 2405 1063 2469 suspensus

117 2494 193 2552 erat
222 2495 260 2552 ut
281 2489 372 2552 latro
392 2488 446 2560 vir
467 2488 605 2565 nobilis,
620 2487 817 2552 Willelmus
840 2487 882 2550 de
903 2487 1064 2564 Brausia,

117 2594 153 2652 et
175 2588 362 2671 proditiose
387 2595 595 2671 peremptus.
663 2587 754 2652 Haec
779 2588 904 2663 omnia,
931 2586 1064 2650 sivein

116 2689 274 2766 veritate,
290 2689 366 2754 sive
383 2688 556 2753 malitiosa
571 2688 813 2764 mendacitate,
829 2693 912 2751 sunt
926 2685 1064 2751 domino

117 2789 191 2870 regi
211 2789 255 2852 ab
282 2789 416 2852 aemulis
443 2789 581 2872 proefati
606 2787 758 2852 Huberti
784 2794 962 2869 suggesta,
986 2805 1064 2868 quae

118 2907 179 2952 rex
203 2888 372 2954 instantia
393 2890 587 2954 vehementi
610 2889 654 2953 ab
677 2889 796 2953 eodem
819 2886 981 2950 Huberto
1005 2906 1064 2950 ex·

118 2990 190 3070 egit
213 2990 291 3069 sibi,
316 2989 423 3074 juxta
448 2991 553 3055 curiae
580 3009 652 3053 suae
672 2988 852 3072 judicium,
879 2985 1063 3051 emendari.

118 3088 218 3153 Tunc
241 3089 422 3154 Hubertus
445 3091 481 3154 in
501 3097 598 3155 arcto
621 3089 768 3173 positus,
791 3107 869 3152 curn
893 3086 988 3150 aliud
1010 3104 1063 3148 re-

117 3190 265 3253 medium
286 3210 355 3254 non
376 3191 529 3269 haberet,
551 3189 742 3273 postulavit
760 3187 915 3251 inducias
938 3186 1066 3250 delibe-

117 3291 217 3354 randi
232 3310 337 3373 super
354 3292 552 3374 praemissis,
569 3308 740 3365 asserens,
757 3306 812 3352 res
828 3306 972 3368 magnas
988 3305 1065 3350 esse

117 3398 153 3455 et
167 3390 307 3468 arduas,
329 3411 417 3475 quas
439 3412 501 3455 rex
523 3390 703 3474 proposuit
719 3396 841 3453 contra
860 3388 973 3469 ipsum
990 3405 1000 3464 ;
1030 3393 1065 3451 et

118 3491 180 3567 sic,
196 3491 343 3556 induciis
358 3493 420 3556 vix
437 3511 459 3556 a
474 3512 555 3573 rege
571 3486 935 3575 commoto-concessis
955 3505 1065 3569 usque

94 3601 96 3605 '
117 3590 160 3654 ad
178 3591 425 3656 exaltationem
448 3600 579 3656 sanctae
602 3589 736 3668 Crucis,
761 3589 941 3653 Hubertus
964 3586 1065 3649 nimis

117 3692 325 3780 perterritus
335 3692 378 3756 ad
396 3690 599 3756 Meretoniae
614 3691 804 3774 prioratum
818 3689 862 3752 ab
877 3688 961 3752 urbe
975 3686 1066 3750 Lon·

117 3788 297 3855 doniarum
319 3792 471 3857 divertit.
517 3791 574 3857 Sic
598 3791 791 3867 Hubertus,
808 3789 869 3872 qui
892 3788 1001 3871 prius,
1021 3788 1066 3850 ob

117 3891 210 3973 regis
232 3911 383 3957 amorem
398 3900 434 3957 et
447 3893 544 3974 regni
562 3892 807 3967 defensionem,
824 3889 975 3953 omnium
989 3887 1066 3952 An-

119 3991 200 4074 gliae
224 3999 425 4076 magnatum
448 3992 484 4056 in
503 4012 541 4056 se
558 3997 809 4076 provocaverat
825 3989 953 4066 odium,
976 4007 1067 4050 nnnc

118 4113 141 4157 a
157 4112 239 4176 rege
256 4095 423 4171 desertus,
441 4095 571 4176 absque
597 4092 729 4169 amieis,
750 4091 789 4155 tit
806 4089 900 4153 solus
922 4095 957 4151 et
973 4087 1067 4151 omni

119 4195 245 4260 solatio
263 4195 474 4275 destitutus3
501 4194 596 4257 solus
620 4193 747 4270 Lucas,
766 4187 990 4254 Dublinensis
1012 4206 1066 4250 ar·
