2864 4866
340 393 405 456 110
597 409 731 456 uocum
756 409 803 455 nu
827 407 1033 456 wnunovnn

178 582 234 623 an.
246 583 302 621 122⁵.
343 585 433 643 nem,
463 565 628 629 lectorum
662 566 827 629 nobilium
856 565 1049 641 mollitiem,
1080 564 1293 628 adstantium

179 633 270 683 cesena

342 667 564 730 balatronum
576 666 843 750 jocunditatem,
861 666 1067 730 annulorum
1084 685 1125 728 ao
1142 665 1296 748 lapidum

342 768 569 849 pretiosorum
589 767 760 844 decorem,
778 767 924 848 piscium
942 773 977 830 et
995 766 1186 830 volatilium
1204 766 1293 830 fera·

342 887 486 950 rumque
508 867 716 930 silvestrium
740 875 880 948 gustum
903 866 1140 931 delectabilem
1162 874 1197 931 et
1212 885 1293 930 sua·

343 987 431 1032 vem.
484 966 528 1030 In
551 966 604 1030 bis'
624 967 731 1048 igitur
752 967 1002 1031 tentationibus
1026 974 1061 1031 et
1079 967 1156 1030 aliis
1179 968 1292 1031 consi-

343 1066 479 1130 milibus
501 1067 618 1150 puella
641 1068 712 1131 fere
734 1068 917 1150 desperata
940 1074 974 1131 et
988 1068 1024 1129 in
1045 1066 1199 1130 diversas
1222 1087 1293 1130 me·

342 1167 527 1232 ditationes
544 1166 698 1239 inducta,
722 1174 838 1231 utrum
860 1166 1027 1230 derelicta
1048 1174 1231 1250 repeteret,
1247 1187 1292 1230 an

342 1268 377 1331 in
413 1269 591 1351 proposito
633 1259 810 1349 roligionis
847 1275 1095 1350 perseveraret,
1129 1267 1293 1331 ineffabili

343 1369 468 1432 mentis
498 1375 534 1431 et
558 1369 711 1450 corporis
742 1367 895 1433 cruciatu
926 1367 1047 1432 diebus
1079 1368 1226 1450 singulis
1258 1376 1294 1432 et

344 1470 504 1533 noctibus
526 1469 777 1551 torquebatur3
814 1469 875 1532 sed
900 1469 1082 1532 miserator
1105 1474 1140 1532 et
1161 1469 1294 1533 miseri·

345 1588 423 1632 cors
449 1568 632 1645 Dominus,
656 1569 717 1652 qui
745 1576 924 1651 sperantes
949 1569 985 1632 in
1011 1588 1049 1632 se
1075 1568 1294 1651 ultraquam

344 1676 490 1752 possunt
514 1669 589 1752 pati
615 1689 685 1732 non
710 1668 880 1751 permittit
907 1671 1047 1747 tentari,
1070 1670 1208 1733 oculum
1230 1690 1294 1753 pu-

345 1770 421 1834 ellae
443 1770 595 1834 restituit
614 1770 771 1848 rationis,
794 1777 833 1834 ut
856 1777 1012 1834 cerneret
1026 1776 1158 1853 quanta
1179 1771 1215 1833 in
1238 1791 1293 1834 re-

343 1872 407 1934 bus
435 1870 681 1952 temporalibus
711 1878 747 1934 et
771 1870 1056 1935 delectationibus
1084 1869 1292 1953 supradictis

344 1972 481 2036 curiose
510 1971 556 2034 sit
582 1970 792 2048 sollicitudo,
819 1971 854 2034 in
887 1971 1018 2034 carnali
1048 1971 1292 2036 commixtione

344 2071 535 2155 turpitudo,
558 2079 689 2153 quanto
712 2089 768 2134 res
791 2071 998 2154 temporales
1022 2070 1147 2135 sudore
1171 2071 1293 2154 adqui-

344 2180 469 2236 runtur
484 2178 520 2235 et
537 2190 614 2235 cum
630 2177 763 2253 quanto
785 2172 903 2237 dolore
926 2173 1145 2249 amittuntur,
1160 2180 1293 2254 quanta

344 2272 390 2336 sit
413 2291 528 2336 coram
555 2271 706 2335 Domino
731 2272 912 2354 virginalis
933 2272 1114 2350 munditia,
1138 2273 1198 2354 qui
1218 2293 1291 2336 ma·

344 2379 431 2437 trem
454 2391 553 2436 suam
577 2372 775 2435 foecundam
804 2393 880 2437 esse
904 2374 1014 2438 voluit
1036 2379 1072 2436 et
1092 2375 1128 2436 in
1152 2373 1292 2454 virgini-

343 2479 416 2537 tate
442 2492 641 2555 permanere
668 2472 849 2555 disposuit,
874 2493 952 2556 quae
981 2492 1111 2536 merces
1136 2475 1292 2556 sequitur

343 2572 492 2637 fructum
518 2574 600 2638 boni
625 2573 751 2654 operis,
775 2593 852 2656 quae
876 2573 1021 2637 dulcedo
1046 2574 1150 2637 sitin
1176 2575 1292 2639 studio

341 2681 474 2737 sanctae
498 2693 539 2737 ac
556 2673 682 2738 divinae
705 2673 1018 2757 contemplationis
1040 2692 1119 2755 quae
1142 2674 1291 2738 societas

343 2773 469 2837 civium
492 2792 730 2856 supernorum,
752 2793 856 2856 quam
877 2775 995 2838 suavis
1019 2775 1065 2838 sit
1086 2781 1121 2837 et
1140 2774 1293 2839 delecta-

343 2872 422 2936 bilis
454 2881 652 2938 sanctarum
685 2874 827 2939 refectio
862 2874 1054 2939 animarum
1086 2880 1121 2939 et
1146 2894 1292 2957 regnare

344 2992 422 3038 cum
441 2973 592 3051 Christo,
618 2974 678 3037 ubi
702 2973 873 3063 frigiditas
893 2975 1025 3039 nullum
1046 2972 1163 3053 afficit,
1184 2975 1292 3040 fames

345 3081 380 3139 et
403 3075 479 3138 sitis
507 3073 676 3138 neminem
698 3074 831 3157 affligit,
853 3076 918 3153 ira,
940 3076 1028 3153 rixa,
1051 3094 1142 3140 vana
1169 3076 1293 3158 gloria,

344 3175 487 3252 invidia,
512 3176 687 3258 superbia,
715 3175 858 3254 accidia,
884 3177 1042 3253 avaritia,
1065 3176 1238 3258 cupiditas
1259 3184 1295 3241 et

345 3276 493 3340 ebrietas
526 3276 658 3339 nullum
691 3277 826 3358 premit.
889 3275 980 3340 Haec
1016 3283 1050 3340 et
1081 3275 1135 3340 his
1168 3276 1294 3340 similia

342 3375 444 3456 virgo
476 3378 580 3440 beata
611 3377 739 3458 saepius
771 3383 885 3441 mente
920 3377 1113 3454 revolvens,
1146 3383 1181 3440 et
1202 3378 1293 3441 inter

344 3478 575 3540 tentationum
591 3477 744 3540 turbines
761 3478 928 3541 virtutum
946 3478 1197 3560 praeteritarum
1214 3497 1292 3542 cus·

344 3582 399 3638 tos
430 3577 597 3652 existens,
626 3577 731 3639 armis
762 3577 918 3642 accincta
947 3577 1073 3642 divinis
1099 3577 1192 3641 arte's
1219 3578 1291 3642 dia·

343 3675 414 3740 boli
444 3675 682 3739 fraudulentas
716 3697 835 3743 omnes
870 3678 1015 3751 feliciter
1046 3679 1224 3762 superavit
1257 3687 1293 3743 et

342 3774 456 3857 ipsum
475 3775 519 3840 ad
537 3783 670 3840 tartara
692 3778 873 3843 confusum
893 3779 1031 3843 direxit.
