2864 4866
396 427 535 476 anonas
558 427 828 478 ursaonraauu.
1015 411 1080 476 298

132 588 197 650 bus
212 586 276 650 hoc
291 586 409 650 ordine
422 587 467 651 sit
481 587 651 669 privatus,
665 606 780 668 regem
794 584 906 649 adhuc
918 585 1079 666 persequi
1091 600 1145 640 su.
1157 601 1213 641 12³4.

134 705 203 749 non
226 686 366 764 omittit,
397 686 458 749 sed
482 687 518 749 in
542 687 680 768 incepta
700 694 822 750 contra
844 705 921 747 eum
943 683 1077 747 malitia

132 792 342 867 perseverat.
365 792 375 821 ‘
390 785 631 867 significamus
643 805 725 867 ergo
741 785 849 860 vobis,
864 791 904 846 ut
917 783 1074 846 fidelibus

133 885 261 948 domini
282 885 374 966 regis
392 893 427 948 et
441 885 583 968 juratis,
602 891 784 966 quatenus,
804 883 834 945 si
853 901 937 946 casu
953 883 989 944 in
1008 882 1075 945 Hi-

133 984 286 1046 berniam
309 985 453 1060 venerit,
476 978 580 1046 ¹illum
606 983 659 1046 vel
682 983 798 1046 vivum
821 981 877 1045 vel
902 988 1074 1045 mortuum

133 1083 416 1164 comprehensum
439 1083 512 1163 regi
533 1088 743 1164 praesentare
762 1081 987 1163 corporaliter
1004 1088 1076 1144 stu-

135 1182 269 1261 deatis3
299 1181 390 1264 quod
413 1182 443 1244 si
464 1181 577 1244 facere
598 1181 812 1258 curaveritis,
836 1187 943 1245 totam
966 1180 1074 1244 haere-

136 1281 279 1345 ditatem
296 1281 371 1365 ejus
396 1288 431 1344 et
448 1281 683 1362 possessiones
707 1281 750 1344 de
768 1288 860 1344 terra
885 1279 1076 1357 Hiberniae,

134 1400 212 1463 quae
229 1400 320 1444 nnnc
339 1381 375 1442 in
392 1380 570 1444 voluntate
584 1378 713 1442 domini
732 1382 823 1461 regis
844 1385 937 1455 sunt,
954 1398 1076 1442 conce-

135 1480 193 1544 det
211 1481 308 1543 vobis
329 1480 502 1543 intervos
524 1479 726 1542 dividendas
746 1487 781 1542 et
792 1481 872 1562 jure
894 1478 1075 1542 haeredita-

134 1579 186 1642 rio
208 1578 443 1661 possidendas.
495 1577 607 1660 Super
634 1577 699 1641 hac
725 1577 854 1641 domini
878 1577 969 1657 regis
999 1598 1076 1658 pro·

135 1679 295 1741 missione
317 1678 463 1740 fideliter
480 1678 577 1741 vobis
596 1676 744 1740 tenenda
766 1696 828 1741 nos
848 1695 975 1753 omnes
992 1696 1077 1758 quo-

134 1797 210 1840 rum
230 1777 372 1840 consilio
392 1795 454 1838 rex
476 1783 512 1838 et
527 1795 671 1856 regnum
693 1775 836 1856 regitur,
855 1775 1076 1857 fidejussores

133 1877 386 1951 constituimus,
409 1876 439 1937 si
455 1894 527 1937 rem
550 1880 780 1956 praetaxatam
804 1875 989 1957 perducere
1017 1894 1076 1937 cu-

135 1977 291 2040 raveritis
309 1975 352 2037 ad
371 1973 540 2038 effectum.
581 1971 730 2037 Valete.’

154 2143 392 2228 Qcodproccras
405 2143 565 2208 Hibernia
578 2164 750 2208 caereorum
765 2143 845 2229 rapis
861 2143 1056 2209 consiliariis

519 2242 684 2329 praebuero.

185 2365 273 2444 Cum
295 2367 402 2450 igitur
422 2369 600 2434 audissent
621 2369 801 2434 Hiberniae
826 2387 985 2451 proceres
1008 2389 1076 2432 me·
1090 2393 1232 2452 amatory

132 2468 257 2530 morati
273 2468 425 2532 tenorem
440 2469 629 2546 literarum,
646 2469 923 2552 concupiscentia
936 2470 1077 2532 subver-
1090 2443 1191 2534 llidlfh

133 2565 177 2628 tit
192 2567 405 2648 singulorum
421 2568 536 2646 corda,
555 2578 589 2632 et
603 2569 841 2652 conspirantes
865 2568 910 2632 ad
930 2569 1076 2632 invicem

135 2667 275 2729 nuntios
295 2668 382 2731 clam
401 2688 478 2732 cum
496 2668 606 2732 literis
631 2669 675 2731 ad
699 2669 861 2750 praefatos
883 2669 975 2749 regis
997 2688 1077 2731 con-

134 2764 282 2829 siliarios
299 2769 574 2843 transmiserunt,
591 2768 826 2849 significantes
841 2768 909 2830 illis
924 2787 1076 2831 commu·

135 2864 224 2926 niter
244 2866 359 2946 sigillo
382 2867 517 2944 secreti,
537 2866 642 2949 quod,
660 2868 689 2929 si
710 2866 892 2948 promissio
912 2866 948 2928 in
967 2867 1076 2930 literis

136 2971 298 3027 contenta
312 2985 374 3046 per
386 2965 540 3029 chartam
554 2967 647 3048 regis
661 2966 922 3029 confirmaretur
936 2965 1076 3042 eisdem,

134 3062 200 3144 ipsi
226 3083 297 3127 rem
321 3065 545 3146 praelocutam
567 3065 611 3129 ad
635 3064 793 3129 effectum
812 3065 999 3146 perducere
1018 3082 1075 3128 co·

135 3163 310 3226 narentur.
363 3163 463 3227 Tunc
480 3165 667 3228 consiliarii
689 3183 781 3246 saepe
801 3163 885 3227 dicti
903 3183 965 3244 per
979 3163 1077 3226 char-

138 3269 209 3324 tam
225 3264 317 3343 regis
332 3264 550 3344 magnatibus
565 3264 634 3326 illis
649 3264 765 3326 omnia
781 3261 981 3325 Marescalli
994 3262 1077 3345 jura

138 3360 315 3425 Hiberniae
343 3363 433 3425 inter
457 3382 494 3426 se
516 3362 700 3427 dividenda
724 3370 981 3435 concesserunt,
1008 3363 1076 3424 sin-

136 3461 294 3542 gulorum
322 3462 410 3537 loca,
433 3463 667 3544 possessiones
693 3468 728 3525 et
742 3461 824 3545 jura
846 3461 991 3541 singulis
1014 3480 1077 3524 ex·

134 3561 331 3644 primentes.
407 3560 563 3644 Cumque
599 3561 737 3624 tandem
776 3560 841 3624 hoc
883 3560 1078 3623 damnabile

136 3654 317 3742 scriptum¹
341 3661 385 3724 ad
404 3661 596 3742 proditores
618 3660 843 3742 nequissimos
860 3660 896 3721 in
915 3658 1079 3723 Hiberni-

136 3779 191 3823 am
207 3761 432 3842 pervenisset‚
450 3758 674 3823 confoederati
692 3767 773 3823 sunt
790 3760 959 3841 protinus
974 3758 1078 3823 inter-

132 3856 246 3942 posito
266 3859 477 3942 juramento,
503 3859 595 3940 quod
620 3860 696 3922 visa
721 3860 981 3941 opportunitate
1007 3878 1078 3921 rem

134 3958 371 4022 detestabilem
394 3964 657 4041 perpetrarent3
690 3965 726 4022 et
748 3958 937 4022 conflantes
964 3959 1000 4021 in
1026 3958 1079 4021 in·

224 4157 232 4189 ¹
244 4159 390 4224 Scriptum]
414 4161 489 4210 Paris
506 4160 580 4222 adds,
597 4160 604 4187 ‘
616 4159 701 4223 sigillo
713 4160 782 4222 regio
793 4159 992 4209 communitum)
