2864 4866
218 586 274 626 Μ),
285 585 342 626 1234.

222 1282 268 1320 The
277 1279 335 1338 Alhl-

222 1341 298 1379 genuen
306 1341 329 1369 rn

223 1381 294 1430 Spain.

229 3865 274 3904 The
280 3864 365 3912 bishops

229 3918 368 3953 remonstrate

229 3965 281 4002 with
291 3964 328 4002 the

229 4014 288 4064 king.

377 399 443 463 294
634 413 768 460 nocnnr
793 414 840 460 nn
863 413 1070 460 wunnovna

380 574 502 650 vicem,
515 583 555 636 ut
565 574 772 654 perimerent
784 574 1014 644 innocentem,
1028 581 1327 653 congregaverunt

381 673 571 737 exercitum
588 674 777 754 copiosum,
799 679 835 735 et
848 679 959 735 terras
977 671 1111 734 comitis
1127 672 1328 735 Marescalli

381 772 553 836 hostiliter
566 772 712 853 ingressi
728 771 886 854 quaedam
900 770 1045 834 castella
1059 770 1136 853 ejus
1149 778 1328 854 ceperunt,

381 871 518 954 praedas
535 878 570 935 et
587 871 699 953 spolia
716 872 806 935 inter
821 890 859 933 se
875 869 1076 933 diviserunt.

464 1045 556 1120 Quod
567 1044 702 1109 haretici
718 1043 895 1131 Albipaasas
908 1044 943 1108 ln
958 1044 1122 1128 campestri
1133 1043 1230 1128 prael'

739 1153 811 1208 aad
819 1145 982 1228 perarma

435 1261 529 1331 Hoc¹
548 1287 685 1350 quoque
700 1286 791 1331 anno
807 1267 960 1330 haeretici
973 1265 1180 1348 Albigenses
1194 1266 1229 1329 in
1247 1286 1328 1348 par-

383 1366 476 1429 tibus
491 1366 673 1448 Hispaniae
686 1375 722 1430 et
734 1366 803 1431 illis
818 1367 1016 1448 regionibus
1028 1368 1078 1432 ita
1093 1367 1329 1443 invaluerunt,

384 1473 435 1542 ut,
455 1466 622 1529 ordinatis
644 1467 814 1548 episcopis
840 1465 1022 1541 haereticiS,
1039 1467 1099 1549 qui
1118 1486 1217 1530 snam
1239 1485 1330 1547 prae-

384 1566 539 1627 dicarent
556 1565 767 1641 abusionem,
789 1566 989 1629 asserebant
1008 1572 1207 1629 constanter
1225 1565 1328 1628 fidem

386 1663 629 1738 Christianam,
651 1671 687 1726 et
703 1664 876 1745 praecipue
899 1665 1147 1727 incarnationis
1169 1665 1329 1747 mysteri-

387 1783 456 1838 um,
477 1762 638 1826 srivolum
664 1781 740 1825 esse
765 1782 807 1829 ac
830 1762 968 1843 penitus
995 1763 1260 1844 abrogandum
1293 1770 1330 1829 et

387 1869 639 1942 congregantes
668 1862 858 1925 exercitum
878 1862 1055 1941 copiosum
1077 1863 1225 1943 ingressi
1247 1870 1329 1927 sunt

387 1960 557 2023 hostiliter
565 1960 650 2022 fines
664 1959 950 2035 Christianorum,
964 1962 1203 2025 comburentes
1220 1962 1329 2027 eccle·

387 2061 456 2122 sias
480 2067 515 2122 et
536 2059 689 2122 homines
710 2058 926 2122 Christianos
954 2059 1201 2143 cujuscumque
1224 2080 1330 2124 sexus

387 2159 442 2223 vel
458 2159 571 2222 aetatis
584 2157 897 2221 immisericorditer
909 2159 1133 2222 trucidantes.
1171 2160 1252 2238 Sed,
1266 2160 1330 2224 hoc

388 2257 526 2321 tandem
541 2257 734 2338 divulgato,
751 2276 947 2338 compressa
964 2265 1017 2320 est
1033 2278 1150 2322 eorum
1167 2261 1330 2342 supersti-

388 2359 478 2421 tiosa
499 2358 724 2441 praesumptio
747 2377 768 2420 a
792 2357 946 2420 fidelibus
966 2356 1183 2434 Christianis,
1203 2360 1265 2441 qni
1286 2360 1330 2422 ad

389 2456 588 2520 mandatum
608 2456 770 2538 Gregorii
788 2476 889 2539 papae
909 2477 954 2519 ex
968 2457 1112 2522 diversis
1134 2459 1331 2539 regionibus

389 2556 576 2620 occidentis
596 2575 697 2619 cruce
719 2555 847 2637 signati
869 2555 1080 2620 advenerant
1095 2557 1139 2620 ad
1160 2557 1330 2623 defensio·

390 2675 467 2718 nem
485 2654 564 2717 fidei
586 2653 805 2719 Christianae.
857 2655 1032 2737 Perempti
1052 2664 1133 2721 sunt
1151 2665 1266 2722 antem
1288 2660 1332 2720 ab

390 2754 440 2816 eis
472 2753 508 2816 in
540 2755 724 2836 campestri
757 2755 877 2836 praelio
909 2763 1061 2837 tempore
1090 2758 1221 2820 vernali
1252 2777 1329 2820 cnm

389 2855 462 2916 suis
487 2854 656 2935 episcopis
685 2853 838 2917 haeretici
870 2855 1061 2932 memorati,
1085 2856 1135 2918 ita
1154 2856 1247 2938 quod
1267 2877 1330 2919 nec

389 2973 451 3035 pes
473 2973 562 3016 unus
585 2972 630 3015 ex
647 2953 805 3016 omnibus
828 2954 960 3032 evasit3
988 2953 1177 3019 Christiani
1195 2975 1332 3038 quoque

389 3053 548 3116 civitates
567 3071 685 3114 eorum
707 3059 916 3134 occupantes
933 3054 1153 3134 repleverunt
1171 3074 1230 3118 eas
1251 3055 1332 3119 fide-

390 3152 479 3215 lihus
505 3151 723 3227 Christiania
754 3158 801 3228 et,
827 3151 994 3216 ordinatis
1023 3153 1134 3216 ineis
1161 3155 1332 3236 episcopis

389 3251 579 3327 catholicis,
597 3250 725 3313 reversi
744 3258 826 3313 sunt
841 3251 990 3314 victores
1006 3253 1042 3314 in
1058 3254 1204 3334 patriam
1220 3273 1332 3330 suam,

389 3356 435 3426 et,
453 3351 512 3433 qui
534 3368 703 3431 pauperes
726 3350 939 3415 advenerant
960 3353 1157 3433 apartibus
1179 3355 1332 3430 remotiS,

389 3449 516 3530 singuli
531 3450 655 3514 divites
671 3457 897 3521 recesserunt.

507 3622 677 3686 consiliam
707 3623 916 3708 pierepercie
940 3625 1006 3710 rapi
1029 3625 1138 3690 datum
1156 3647 1219 3710 pro

685 3722 918 3807 perturbatione
934 3723 1032 3810 rapui.

441 3844 534 3907 Dum
555 3845 629 3910 haec
650 3848 686 3911 iu
709 3846 883 3930 Hispania
903 3854 1100 3928 agerentur,
1122 3867 1185 3910 rex
1200 3844 1336 3928 Anglo·

390 3963 464 4005 rum
483 3945 574 4007 venit
591 3947 633 4009 ad
652 3946 860 4028 colloquium
883 3947 975 4029 apud
989 3946 1338 4011 westmonasterium

390 4119 609 4256 willigclquue
626 4125 709 4187 uana]
729 4125 853 4184 Compare
871 4123 997 4183 Ruynaldi
1014 4123 1046 4170 ad
1063 4119 1271 4186 un.1233,§60;
1289 4124 1342 4171 and

454 4226 462 4252 ,
532 4228 538 4241 .
