2864 4866
425 408 565 456 rnonns
589 409 876 459 ursronmuuu.
1048 393 1111 459 191

163 580 236 625 snae
265 583 372 646 prope
397 585 460 629 nos
486 574 522 631 et
538 566 755 631 Christianos
783 565 827 629 ad
851 585 956 629 unam
983 565 1109 631 dietam
1126 579 1250 670 AhD1229·

164 663 321 726 similiter
337 667 547 730 morabatur.
601 666 739 730 Etcum
757 664 799 728 de
815 666 1032 730 restitutione
1044 675 1110 731 ter·
1125 631 1175 720 rTou’
1144 631 1251 719 minerii

164 781 212 824 rae
233 771 364 829 sanctae
385 766 429 828 ab
446 766 613 830 alterutra
629 766 780 848 partium
795 772 1015 842 tractaretur,
1031 773 1110 830 tan·
1125 731 1206 771 ΜΗ
1179 741 1237 778 ‘m

164 860 240 924 dem
256 861 279 925 J
282 883 361 926 esus
379 864 552 942 Christus
567 865 634 930 Dei
652 865 775 942 Filius,
794 864 954 928 devotam
976 866 1110 947 patien-

165 960 248 1024 tiam
276 971 431 1028 nostram
459 972 493 1028 et
516 965 704 1046 patientem
731 964 948 1028 devotionem
972 984 1015 1028 ex
1038 964 1110 1029 alto

164 1061 363 1142 respiciens,
392 1063 631 1146 compatiendo
659 1062 924 1128 misericorditer
950 1065 1048 1128 nobis
1073 1065 1109 1127 in

165 1161 362 1244 semetipso,
389 1164 440 1227 sic
469 1162 561 1240 fecit,
588 1164 681 1245 quod
707 1163 879 1227 Soldanus
907 1163 1110 1247 Babyloniae

165 1257 385 1326 Hierusalem
415 1263 591 1327 civitatem
624 1271 780 1327 sanctam
817 1263 917 1326 nohis
945 1263 1111 1341 restituit,

164 1359 278 1423 locum
292 1361 452 1426 videlicet
464 1363 524 1426 ubi
539 1369 712 1427 steterunt
721 1363 825 1446 pedes
841 1361 983 1440 Christi,
996 1363 1110 1427 locum

164 1459 268 1522 etiam
295 1462 367 1541 ubi,
380 1461 453 1526 veri
477 1462 678 1526 adoratores
697 1463 734 1525 in
759 1462 883 1545 spiritu
908 1470 944 1527 et
963 1464 1110 1528 veritate

165 1557 306 1624 Patrem
331 1561 488 1626 adorant.
542 1561 592 1626 Ut
614 1561 703 1625 enim
734 1561 776 1625 de
806 1562 1024 1626 restitutione
1047 1563 1111 1625 hu-

159 1658 313 1741 jusmodi
334 1669 447 1726 certos
472 1680 534 1726 vos
553 1660 720 1724 faciamus
747 1681 809 1743 per
833 1661 983 1742 singula,
1006 1682 1111 1726 nove-

164 1758 239 1822 ritis
259 1761 353 1841 quod
370 1781 438 1825 non
456 1761 568 1825 solum
586 1762 782 1825 restitutum
801 1767 855 1825 est
870 1763 968 1825 nohis
985 1781 1111 1843 corpus

163 1858 317 1923 civitatis
342 1861 530 1942 praedictae,
555 1860 615 1923 sed
645 1861 812 1924 contrade
833 1867 920 1937 tota,
941 1862 1032 1924 sicut
1052 1861 1111 1924 de·

163 1959 296 2023 scendit
312 1959 391 2024 inde
410 1979 520 2043 usque
539 1959 584 2022 ad
605 1959 813 2023 maritimam
835 1960 940 2022 castri
957 1958 980 2023 J
984 1979 1109 2042 oppen,

163 2065 203 2122 ut
220 2060 392 2142 peregrini
413 2060 456 2124 de
473 2066 600 2124 caetero
617 2078 815 2140 processum
831 2058 977 2122 liberum
992 2060 1037 2123 ad
1059 2080 1110 2123 se-

164 2158 344 2241 pulchrum
372 2159 523 2223 habeant
550 2178 776 2241 securumque
798 2179 1014 2240 regressum
1044 2158 1110 2223 hoc

164 2266 280 2322 tamen
299 2258 449 2342 adjecto,
469 2257 572 2341 quod,
596 2277 674 2321 cum
696 2257 858 2323 Saraceni
878 2259 1013 2322 illarum
1032 2277 1109 2339 par·

163 2359 249 2423 tium
275 2360 310 2422 in
331 2360 554 2425 veneratione
580 2358 733 2422 maxima
755 2358 921 2439 templum
949 2358 1110 2435 habeant,

164 2460 209 2523 ad
239 2459 464 2536 adorandum,
489 2458 676 2523 secundum
707 2458 810 2522 ritum
840 2477 968 2536 eorum,
998 2458 1047 2521 ibi
1074 2459 1111 2522 in

163 2558 310 2641 figuram
331 2560 589 2642 peregrinorum
608 2557 692 2622 illuc
713 2558 911 2639 frequenter
933 2557 1110 2634 accedant,

163 2658 259 2741 ipsos
286 2659 329 2722 de
355 2666 481 2723 caetero
506 2658 612 2722 libere
643 2658 882 2739 permittamus
903 2657 1032 2735 venire,
1052 2677 1112 2723 ve-

163 2765 345 2823 runtamen
379 2765 466 2840 quot
493 2757 704 2821 voluerimus
735 2764 770 2820 et
796 2757 871 2820 sine
901 2757 1017 2834 armiS,
1048 2777 1111 2822 nec

163 2858 430 2940 hospitabuntur
449 2856 485 2920 in
506 2856 660 2932 civitate,
682 2855 743 2920 sed
767 2854 925 2932 deforis,
946 2863 982 2918 et
1001 2858 1111 2920 conti-

163 2978 233 3022 nuo
246 2957 340 3022 facta
357 2957 513 3021 oratione
529 2956 702 3020 recedant.
755 2953 931 3019 Praeterea
946 2955 1110 3020 restituta

163 3065 217 3122 est
236 3057 334 3121 nobis
362 3057 486 3122 civitas
514 3055 705 3130 Bethleem,
729 3061 765 3117 et
784 3061 860 3118 tota
879 3061 973 3118 terra
997 3055 1110 3119 media

162 3157 253 3222 inter
286 3157 508 3221 Hierusalem
542 3164 578 3220 et
605 3156 781 3218 civitatem
813 3155 952 3236 ipsam;
984 3153 1109 3217 civitas

164 3256 353 3333 Nazareth,
370 3276 449 3320 cum
470 3263 546 3320 tota
567 3263 660 3320 terra
683 3253 796 3317 media
817 3254 908 3317 inter
926 3252 1050 3317 Achon
1075 3260 1111 3317 et

162 3357 274 3439 ipsam
304 3357 506 3434 civitatem3
533 3363 609 3420 tota
631 3361 725 3418 terra
750 3352 913 3430 Turonis,
936 3372 1013 3436 quae
1037 3353 1107 3416 lar-

163 3457 306 3539 gissima
328 3463 436 3520 estet
456 3455 583 3538 ampla,
608 3461 643 3518 et
664 3452 766 3518 valde
790 3453 969 3517 commoda
990 3451 1109 3516 Chris·

163 3558 291 3636 tianis;
314 3556 437 3620 civitas
455 3555 616 3638 Sydonis,
634 3573 712 3617 cum
728 3559 803 3617 tota
824 3552 967 3634 planitie
982 3559 1017 3616 et
1033 3571 1110 3634 per-

163 3657 316 3721 tinentiis
340 3656 424 3732 suiS,
447 3674 525 3737 quae
547 3661 647 3718 tanto
674 3653 740 3717 erit
759 3651 802 3715 de
824 3658 950 3715 caetero
977 3651 1109 3733 gratior

163 3754 382 3831 Christianis,
407 3761 539 3837 quanto
567 3753 680 3835 magis
708 3751 845 3815 exstitit
866 3750 1047 3814 Saracenis
1073 3757 1109 3815 et

161 3855 328 3919 hactenus
349 3853 540 3931 fructuosa,
561 3853 712 3916 maxime
739 3871 817 3914 cum
843 3857 964 3932 portus
988 3849 1037 3913 ibi
1062 3851 1109 3914 sit

161 3955 262 4019 nimis
280 3974 467 4036 congruus,
490 3960 525 4017 et
539 3951 620 4015 inde
641 3970 736 4015 arma
756 3957 791 4014 et
805 3949 999 4013 necessaria
1020 3948 1108 4012 mul·

159 4063 198 4120 ta
224 4054 269 4118 ad
301 4054 477 4118 civitatem
508 4052 684 4129 Damasci,
712 4049 812 4115 etde
844 4049 1018 4113 Damasco
1040 4047 1108 4111 fre-

160 4161 306 4238 quenter
322 4153 365 4217 ad
382 4152 609 4236 Babyloniam
627 4157 860 4235 portarentur.
886 4149 932 4212 Et
949 4149 1108 4231 quamvis
