<?xml version="1.0" encoding="UTF-8"?>
<!DOCTYPE html PUBLIC "-//W3C//DTD XHTML 1.0 Transitional//EN"
    "http://www.w3.org/TR/xhtml1/DTD/xhtml1-transitional.dtd">
<html xmlns="http://www.w3.org/1999/xhtml" xml:lang="en" lang="en">
 <head>
  <title>
</title>
<meta http-equiv="Content-Type" content="text/html;charset=utf-8" />
  <meta name='ocr-system' content='tesseract 3.04.00' />
  <meta name='ocr-capabilities' content='ocr_page ocr_carea ocr_par ocr_line ocrx_word'/>
</head>
<body>
  <div class='ocr_page' id='page_1' title='image "./rogeridewendove03rogegoog_0050.png"; bbox 0 0 2864 4866; ppageno 0'>
   <div class='ocr_carea' id='block_1_1' title="bbox 394 388 1087 452">
    <p class='ocr_par' dir='ltr' id='par_1_1' title="bbox 394 388 1087 452">
     <span class='ocr_line' id='line_1_1' title="bbox 394 388 1087 452; baseline 0.013 -9"><span class='ocrx_word' id='word_1_1' title='bbox 394 397 535 445; x_wconf 72' lang='lat' dir='ltr'><strong>rhenus</strong></span> <span class='ocrx_word' id='word_1_2' title='bbox 558 397 830 449; x_wconf 79' lang='lat' dir='ltr'><strong>rusrorunauu.</strong></span> <span class='ocrx_word' id='word_1_3' title='bbox 1041 388 1087 452; x_wconf 84' lang='grc'><strong>39</strong></span> 
     </span>
    </p>
   </div>
   <div class='ocr_carea' id='block_1_2' title="bbox 69 554 1229 844">
    <p class='ocr_par' dir='ltr' id='par_1_2' title="bbox 69 554 1229 844">
     <span class='ocr_line' id='line_1_2' title="bbox 137 554 1220 636; baseline 0.009 -20"><span class='ocrx_word' id='word_1_4' title='bbox 137 554 333 636; x_wconf 85' lang='lat' dir='ltr'><strong>sumptibus</strong></span> <span class='ocrx_word' id='word_1_5' title='bbox 352 561 387 618; x_wconf 88' lang='lat' dir='ltr'><strong>et</strong></span> <span class='ocrx_word' id='word_1_6' title='bbox 403 555 588 620; x_wconf 91' lang='lat' dir='ltr'><strong>Frisonum</strong></span> <span class='ocrx_word' id='word_1_7' title='bbox 607 564 641 621; x_wconf 92' lang='lat' dir='ltr'><strong>et</strong></span> <span class='ocrx_word' id='word_1_8' title='bbox 657 557 775 622; x_wconf 87' lang='lat' dir='ltr'><strong>labore</strong></span> <span class='ocrx_word' id='word_1_9' title='bbox 794 561 979 624; x_wconf 90' lang='lat' dir='ltr'><strong>eorundem</strong></span> <span class='ocrx_word' id='word_1_10' title='bbox 997 561 1085 627; x_wconf 87' lang='lat' dir='ltr'><strong>duos</strong></span> <span class='ocrx_word' id='word_1_11' title='bbox 1098 578 1152 618; x_wconf 68' lang='lat' dir='ltr'><strong>sn.</strong></span> <span class='ocrx_word' id='word_1_12' title='bbox 1163 580 1220 619; x_wconf 75' lang='lat'><strong>121⁸·</strong></span> 
     </span>
     <span class='ocr_line' id='line_1_3' title="bbox 69 629 1229 739; baseline 0.003 -23"><span class='ocrx_word' id='word_1_13' title='bbox 69 685 72 690; x_wconf 94' lang='lat'>·</span> <span class='ocrx_word' id='word_1_14' title='bbox 136 671 287 734; x_wconf 84' lang='lat' dir='ltr'><strong>cogones</strong></span> <span class='ocrx_word' id='word_1_15' title='bbox 327 656 582 739; x_wconf 88' lang='lat' dir='ltr'><strong>conjunxerunt</strong></span> <span class='ocrx_word' id='word_1_16' title='bbox 619 655 737 721; x_wconf 86' lang='lat' dir='ltr'><strong>fideles</strong></span> <span class='ocrx_word' id='word_1_17' title='bbox 778 660 933 723; x_wconf 82' lang='lat' dir='ltr'><strong>trabibus</strong></span> <span class='ocrx_word' id='word_1_18' title='bbox 967 661 1083 726; x_wconf 81' lang='lat' dir='ltr'><strong>fortis·</strong></span> <span class='ocrx_word' id='word_1_19' title='bbox 1096 629 1229 719; x_wconf 49' lang='lat' dir='ltr'><strong>biblii?</strong></span> 
     </span>
     <span class='ocr_line' id='line_1_4' title="bbox 136 753 1083 844; baseline 0.012 -29"><span class='ocrx_word' id='word_1_20' title='bbox 136 753 235 830; x_wconf 91' lang='lat' dir='ltr'><strong>sime,</strong></span> <span class='ocrx_word' id='word_1_21' title='bbox 261 773 302 818; x_wconf 93' lang='lat' dir='ltr'><strong>ac</strong></span> <span class='ocrx_word' id='word_1_22' title='bbox 326 754 466 819; x_wconf 82' lang='lat' dir='ltr'><strong>funibus</strong></span> <span class='ocrx_word' id='word_1_23' title='bbox 491 755 703 822; x_wconf 73' lang='lat' dir='ltr'><strong>cohaerentes</strong></span> <span class='ocrx_word' id='word_1_24' title='bbox 730 765 765 822; x_wconf 91' lang='lat' dir='ltr'><strong>et</strong></span> <span class='ocrx_word' id='word_1_25' title='bbox 785 759 882 823; x_wconf 88' lang='lat' dir='ltr'><strong>socia</strong></span> <span class='ocrx_word' id='word_1_26' title='bbox 907 763 1083 844; x_wconf 82' lang='lat' dir='ltr'><strong>compagi-</strong></span> 
     </span>
    </p>
   </div>
   <div class='ocr_carea' id='block_1_3' title="bbox 1096 730 1169 770">
    <p class='ocr_par' dir='ltr' id='par_1_3' title="bbox 1096 730 1169 770">
     <span class='ocr_line' id='line_1_5' title="bbox 1096 730 1169 770; baseline -0.014 0"><span class='ocrx_word' id='word_1_27' title='bbox 1096 730 1169 770; x_wconf 77' lang='lat' dir='ltr'><strong>taken.</strong></span> 
     </span>
    </p>
   </div>
   <div class='ocr_carea' id='block_1_4' title="bbox 24 853 1091 4230">
    <p class='ocr_par' dir='ltr' id='par_1_4' title="bbox 24 853 1091 4230">
     <span class='ocr_line' id='line_1_6' title="bbox 137 853 1084 943; baseline 0.011 -28"><span class='ocrx_word' id='word_1_28' title='bbox 137 853 277 917; x_wconf 91' lang='lat' dir='ltr'><strong>natione</strong></span> <span class='ocrx_word' id='word_1_29' title='bbox 306 855 494 919; x_wconf 89' lang='lat' dir='ltr'><strong>vacillandi</strong></span> <span class='ocrx_word' id='word_1_30' title='bbox 522 856 715 938; x_wconf 89' lang='lat' dir='ltr'><strong>periculum</strong></span> <span class='ocrx_word' id='word_1_31' title='bbox 747 857 969 941; x_wconf 84' lang='lat' dir='ltr'><strong>prohibentes</strong></span> <span class='ocrx_word' id='word_1_32' title='bbox 998 880 1084 943; x_wconf 93' lang='lat' dir='ltr'><strong>qua-</strong></span> 
     </span>
     <span class='ocr_line' id='line_1_7' title="bbox 135 953 1083 1040; baseline 0.008 -24"><span class='ocrx_word' id='word_1_33' title='bbox 135 958 216 1016; x_wconf 88' lang='lat' dir='ltr'><strong>tuor</strong></span> <span class='ocrx_word' id='word_1_34' title='bbox 232 953 343 1018; x_wconf 90' lang='lat' dir='ltr'><strong>malos</strong></span> <span class='ocrx_word' id='word_1_35' title='bbox 360 962 396 1018; x_wconf 94' lang='lat' dir='ltr'><strong>et</strong></span> <span class='ocrx_word' id='word_1_36' title='bbox 411 955 553 1019; x_wconf 88' lang='lat' dir='ltr'><strong>totidem</strong></span> <span class='ocrx_word' id='word_1_37' title='bbox 573 962 743 1021; x_wconf 83' lang='lat' dir='ltr'><strong>antennas</strong></span> <span class='ocrx_word' id='word_1_38' title='bbox 764 967 970 1040; x_wconf 84' lang='lat' dir='ltr'><strong>erexerunt3</strong></span> <span class='ocrx_word' id='word_1_39' title='bbox 997 960 1083 1024; x_wconf 92' lang='lat' dir='ltr'><strong>etin</strong></span> 
     </span>
     <span class='ocr_line' id='line_1_8' title="bbox 137 1051 1082 1136; baseline 0.01 -22"><span class='ocrx_word' id='word_1_40' title='bbox 137 1051 206 1115; x_wconf 92' lang='lat' dir='ltr'><strong>illis</strong></span> <span class='ocrx_word' id='word_1_41' title='bbox 224 1053 261 1116; x_wconf 91' lang='lat' dir='ltr'><strong>in</strong></span> <span class='ocrx_word' id='word_1_42' title='bbox 283 1055 481 1119; x_wconf 84' lang='lat' dir='ltr'><strong>summitate</strong></span> <span class='ocrx_word' id='word_1_43' title='bbox 505 1055 721 1120; x_wconf 88' lang='lat' dir='ltr'><strong>castellulum</strong></span> <span class='ocrx_word' id='word_1_44' title='bbox 744 1057 892 1136; x_wconf 88' lang='lat' dir='ltr'><strong>firmum,</strong></span> <span class='ocrx_word' id='word_1_45' title='bbox 909 1060 1082 1123; x_wconf 86' lang='lat' dir='ltr'><strong>asseribus</strong></span> 
     </span>
     <span class='ocr_line' id='line_1_9' title="bbox 137 1154 1082 1235; baseline 0.011 -21"><span class='ocrx_word' id='word_1_46' title='bbox 137 1161 173 1215; x_wconf 89' lang='lat' dir='ltr'><strong>et</strong></span> <span class='ocrx_word' id='word_1_47' title='bbox 193 1168 297 1235; x_wconf 85' lang='lat' dir='ltr'><strong>opere</strong></span> <span class='ocrx_word' id='word_1_48' title='bbox 318 1154 500 1219; x_wconf 89' lang='lat' dir='ltr'><strong>reticulato</strong></span> <span class='ocrx_word' id='word_1_49' title='bbox 526 1163 740 1234; x_wconf 86' lang='lat' dir='ltr'><strong>contextum,</strong></span> <span class='ocrx_word' id='word_1_50' title='bbox 760 1165 882 1222; x_wconf 88' lang='lat' dir='ltr'><strong>contra</strong></span> <span class='ocrx_word' id='word_1_51' title='bbox 904 1159 1082 1223; x_wconf 89' lang='lat' dir='ltr'><strong>machina-</strong></span> 
     </span>
     <span class='ocr_line' id='line_1_10' title="bbox 138 1252 1082 1339; baseline 0.008 -26"><span class='ocrx_word' id='word_1_52' title='bbox 138 1271 214 1314; x_wconf 90' lang='lat' dir='ltr'><strong>rum</strong></span> <span class='ocrx_word' id='word_1_53' title='bbox 240 1252 383 1318; x_wconf 81' lang='lat' dir='ltr'><strong>insidias</strong></span> <span class='ocrx_word' id='word_1_54' title='bbox 405 1255 615 1320; x_wconf 83' lang='lat' dir='ltr'><strong>collocantes</strong></span> <span class='ocrx_word' id='word_1_55' title='bbox 638 1256 740 1320; x_wconf 90' lang='lat' dir='ltr'><strong>coriis</strong></span> <span class='ocrx_word' id='word_1_56' title='bbox 765 1266 974 1339; x_wconf 89' lang='lat' dir='ltr'><strong>operuerunt</strong></span> <span class='ocrx_word' id='word_1_57' title='bbox 996 1258 1082 1322; x_wconf 90' lang='lat' dir='ltr'><strong>illud</strong></span> 
     </span>
     <span class='ocr_line' id='line_1_11' title="bbox 138 1353 1082 1441; baseline 0.011 -28"><span class='ocrx_word' id='word_1_58' title='bbox 138 1370 200 1434; x_wconf 91' lang='lat' dir='ltr'><strong>per</strong></span> <span class='ocrx_word' id='word_1_59' title='bbox 228 1353 408 1418; x_wconf 87' lang='lat' dir='ltr'><strong>circuitum</strong></span> <span class='ocrx_word' id='word_1_60' title='bbox 438 1354 696 1433; x_wconf 86' lang='lat' dir='ltr'><strong>architectores,</strong></span> <span class='ocrx_word' id='word_1_61' title='bbox 721 1364 757 1421; x_wconf 91' lang='lat' dir='ltr'><strong>et</strong></span> <span class='ocrx_word' id='word_1_62' title='bbox 779 1356 926 1441; x_wconf 82' lang='lat' dir='ltr'><strong>desuper</strong></span> <span class='ocrx_word' id='word_1_63' title='bbox 953 1365 1082 1423; x_wconf 88' lang='lat' dir='ltr'><strong>tectum</strong></span> 
     </span>
     <span class='ocr_line' id='line_1_12' title="bbox 138 1453 1083 1536; baseline 0.007 -22"><span class='ocrx_word' id='word_1_64' title='bbox 138 1459 213 1516; x_wconf 89' lang='lat' dir='ltr'><strong>erat</strong></span> <span class='ocrx_word' id='word_1_65' title='bbox 227 1460 348 1518; x_wconf 90' lang='lat' dir='ltr'><strong>contra</strong></span> <span class='ocrx_word' id='word_1_66' title='bbox 368 1455 483 1536; x_wconf 83' lang='lat' dir='ltr'><strong>ignem</strong></span> <span class='ocrx_word' id='word_1_67' title='bbox 506 1453 681 1520; x_wconf 86' lang='lat' dir='ltr'><strong>Graecum.</strong></span> <span class='ocrx_word' id='word_1_68' title='bbox 733 1457 804 1520; x_wconf 89' lang='lat' dir='ltr'><strong>Sub</strong></span> <span class='ocrx_word' id='word_1_69' title='bbox 821 1458 1002 1523; x_wconf 89' lang='lat' dir='ltr'><strong>castellulo</strong></span> <span class='ocrx_word' id='word_1_70' title='bbox 1020 1477 1083 1522; x_wconf 93' lang='lat' dir='ltr'><strong>au-</strong></span> 
     </span>
     <span class='ocr_line' id='line_1_13' title="bbox 137 1552 1082 1622; baseline 0.006 -7"><span class='ocrx_word' id='word_1_71' title='bbox 137 1558 207 1615; x_wconf 91' lang='lat' dir='ltr'><strong>tem</strong></span> <span class='ocrx_word' id='word_1_72' title='bbox 224 1552 481 1619; x_wconf 88' lang='lat' dir='ltr'><strong>fabricaverunt</strong></span> <span class='ocrx_word' id='word_1_73' title='bbox 499 1556 629 1619; x_wconf 92' lang='lat' dir='ltr'><strong>scalam</strong></span> <span class='ocrx_word' id='word_1_74' title='bbox 643 1556 840 1620; x_wconf 85' lang='lat' dir='ltr'><strong>fortissimis</strong></span> <span class='ocrx_word' id='word_1_75' title='bbox 852 1557 991 1622; x_wconf 87' lang='lat' dir='ltr'><strong>funibus</strong></span> <span class='ocrx_word' id='word_1_76' title='bbox 1008 1576 1082 1621; x_wconf 92' lang='lat' dir='ltr'><strong>sus-</strong></span> 
     </span>
     <span class='ocr_line' id='line_1_14' title="bbox 137 1655 1081 1741; baseline 0.005 -26"><span class='ocrx_word' id='word_1_77' title='bbox 137 1670 279 1733; x_wconf 86' lang='lat' dir='ltr'><strong>pensam</strong></span> <span class='ocrx_word' id='word_1_78' title='bbox 296 1660 332 1718; x_wconf 90' lang='lat' dir='ltr'><strong>et</strong></span> <span class='ocrx_word' id='word_1_79' title='bbox 352 1655 498 1735; x_wconf 87' lang='lat' dir='ltr'><strong>triginta</strong></span> <span class='ocrx_word' id='word_1_80' title='bbox 519 1655 644 1719; x_wconf 89' lang='lat' dir='ltr'><strong>cubitis</strong></span> <span class='ocrx_word' id='word_1_81' title='bbox 667 1656 759 1720; x_wconf 92' lang='lat' dir='ltr'><strong>ultra</strong></span> <span class='ocrx_word' id='word_1_82' title='bbox 778 1676 916 1738; x_wconf 90' lang='lat' dir='ltr'><strong>proram</strong></span> <span class='ocrx_word' id='word_1_83' title='bbox 941 1664 1081 1741; x_wconf 93' lang='lat' dir='ltr'><strong>proten-</strong></span> 
     </span>
     <span class='ocr_line' id='line_1_15' title="bbox 136 1754 1081 1837; baseline 0.007 -23"><span class='ocrx_word' id='word_1_84' title='bbox 136 1770 222 1829; x_wconf 91' lang='lat' dir='ltr'><strong>sam,</strong></span> <span class='ocrx_word' id='word_1_85' title='bbox 244 1772 348 1835; x_wconf 88' lang='lat' dir='ltr'><strong>opere</strong></span> <span class='ocrx_word' id='word_1_86' title='bbox 370 1754 522 1818; x_wconf 86' lang='lat' dir='ltr'><strong>maximo</strong></span> <span class='ocrx_word' id='word_1_87' title='bbox 540 1756 636 1819; x_wconf 92' lang='lat' dir='ltr'><strong>brevi</strong></span> <span class='ocrx_word' id='word_1_88' title='bbox 659 1762 814 1837; x_wconf 88' lang='lat' dir='ltr'><strong>tempore</strong></span> <span class='ocrx_word' id='word_1_89' title='bbox 831 1764 1081 1821; x_wconf 92' lang='lat' dir='ltr'><strong>consummato.</strong></span> 
     </span>
     <span class='ocr_line' id='line_1_16' title="bbox 137 1850 1081 1939; baseline 0.005 -24"><span class='ocrx_word' id='word_1_90' title='bbox 137 1850 284 1916; x_wconf 86' lang='lat' dir='ltr'><strong>Invitati</strong></span> <span class='ocrx_word' id='word_1_91' title='bbox 305 1860 388 1916; x_wconf 91' lang='lat' dir='ltr'><strong>sunt</strong></span> <span class='ocrx_word' id='word_1_92' title='bbox 403 1853 447 1917; x_wconf 95' lang='lat' dir='ltr'><strong>ad</strong></span> <span class='ocrx_word' id='word_1_93' title='bbox 463 1854 548 1917; x_wconf 94' lang='lat' dir='ltr'><strong>illud</strong></span> <span class='ocrx_word' id='word_1_94' title='bbox 565 1854 746 1919; x_wconf 88' lang='lat' dir='ltr'><strong>videndum</strong></span> <span class='ocrx_word' id='word_1_95' title='bbox 761 1856 933 1939; x_wconf 92' lang='lat' dir='ltr'><strong>principes</strong></span> <span class='ocrx_word' id='word_1_96' title='bbox 949 1856 1081 1921; x_wconf 88' lang='lat' dir='ltr'><strong>militiae</strong></span> 
     </span>
     <span class='ocr_line' id='line_1_17' title="bbox 24 1950 1082 2038; baseline 0.006 -24"><span class='ocrx_word' id='word_1_97' title='bbox 24 1988 27 1994; x_wconf 94' lang='lat'>·</span> <span class='ocrx_word' id='word_1_98' title='bbox 138 1950 280 2030; x_wconf 83' lang='lat' dir='ltr'><strong>Christi,</strong></span> <span class='ocrx_word' id='word_1_99' title='bbox 305 1959 345 2016; x_wconf 91' lang='lat' dir='ltr'><strong>ut</strong></span> <span class='ocrx_word' id='word_1_100' title='bbox 369 1953 484 2035; x_wconf 86' lang='lat' dir='ltr'><strong>siquid</strong></span> <span class='ocrx_word' id='word_1_101' title='bbox 510 1952 657 2032; x_wconf 87' lang='lat' dir='ltr'><strong>deesset,</strong></span> <span class='ocrx_word' id='word_1_102' title='bbox 684 1955 776 2037; x_wconf 92' lang='lat' dir='ltr'><strong>quod</strong></span> <span class='ocrx_word' id='word_1_103' title='bbox 804 1958 996 2038; x_wconf 90' lang='lat' dir='ltr'><strong>sumptibus</strong></span> <span class='ocrx_word' id='word_1_104' title='bbox 1021 1963 1082 2020; x_wconf 88' lang='lat' dir='ltr'><strong>aut</strong></span> 
     </span>
     <span class='ocr_line' id='line_1_18' title="bbox 136 2051 1082 2136; baseline 0.004 -22"><span class='ocrx_word' id='word_1_105' title='bbox 136 2051 286 2116; x_wconf 89' lang='lat' dir='ltr'><strong>humano</strong></span> <span class='ocrx_word' id='word_1_106' title='bbox 312 2053 486 2134; x_wconf 86' lang='lat' dir='ltr'><strong>indigeret</strong></span> <span class='ocrx_word' id='word_1_107' title='bbox 510 2054 662 2136; x_wconf 87' lang='lat' dir='ltr'><strong>ingenio,</strong></span> <span class='ocrx_word' id='word_1_108' title='bbox 691 2055 933 2136; x_wconf 87' lang='lat' dir='ltr'><strong>suppleretur3</strong></span> <span class='ocrx_word' id='word_1_109' title='bbox 966 2062 1003 2118; x_wconf 91' lang='lat' dir='ltr'><strong>et</strong></span> <span class='ocrx_word' id='word_1_110' title='bbox 1024 2073 1082 2118; x_wconf 86' lang='lat' dir='ltr'><strong>ac-</strong></span> 
     </span>
     <span class='ocr_line' id='line_1_19' title="bbox 137 2154 1082 2237; baseline 0.002 -23"><span class='ocrx_word' id='word_1_111' title='bbox 137 2158 238 2233; x_wconf 89' lang='lat' dir='ltr'><strong>cepto</strong></span> <span class='ocrx_word' id='word_1_112' title='bbox 264 2172 443 2235; x_wconf 90' lang='lat' dir='ltr'><strong>responso,</strong></span> <span class='ocrx_word' id='word_1_113' title='bbox 469 2154 562 2236; x_wconf 93' lang='lat' dir='ltr'><strong>quod</strong></span> <span class='ocrx_word' id='word_1_114' title='bbox 585 2161 689 2218; x_wconf 90' lang='lat' dir='ltr'><strong>antea</strong></span> <span class='ocrx_word' id='word_1_115' title='bbox 718 2154 788 2218; x_wconf 88' lang='lat' dir='ltr'><strong>tale</strong></span> <span class='ocrx_word' id='word_1_116' title='bbox 818 2173 905 2237; x_wconf 92' lang='lat' dir='ltr'><strong>opus</strong></span> <span class='ocrx_word' id='word_1_117' title='bbox 928 2154 1082 2236; x_wconf 83' lang='lat' dir='ltr'><strong>ligneum</strong></span> 
     </span>
     <span class='ocr_line' id='line_1_20' title="bbox 137 2253 1081 2336; baseline 0.003 -22"><span class='ocrx_word' id='word_1_118' title='bbox 137 2271 314 2335; x_wconf 91' lang='lat' dir='ltr'><strong>nunquam</strong></span> <span class='ocrx_word' id='word_1_119' title='bbox 345 2253 461 2317; x_wconf 85' lang='lat' dir='ltr'><strong>fuerat</strong></span> <span class='ocrx_word' id='word_1_120' title='bbox 484 2253 703 2332; x_wconf 86' lang='lat' dir='ltr'><strong>fabricatum,</strong></span> <span class='ocrx_word' id='word_1_121' title='bbox 727 2255 981 2336; x_wconf 91' lang='lat' dir='ltr'><strong>properandum</strong></span> <span class='ocrx_word' id='word_1_122' title='bbox 1005 2273 1081 2318; x_wconf 90' lang='lat' dir='ltr'><strong>esse</strong></span> 
     </span>
     <span class='ocr_line' id='line_1_21' title="bbox 137 2352 1081 2435; baseline 0.002 -21"><span class='ocrx_word' id='word_1_123' title='bbox 137 2359 344 2418; x_wconf 88' lang='lat' dir='ltr'><strong>censuerunt</strong></span> <span class='ocrx_word' id='word_1_124' title='bbox 368 2352 498 2430; x_wconf 87' lang='lat' dir='ltr'><strong>fideles,</strong></span> <span class='ocrx_word' id='word_1_125' title='bbox 518 2361 558 2418; x_wconf 93' lang='lat' dir='ltr'><strong>ut</strong></span> <span class='ocrx_word' id='word_1_126' title='bbox 580 2353 644 2418; x_wconf 94' lang='lat' dir='ltr'><strong>hoc</strong></span> <span class='ocrx_word' id='word_1_127' title='bbox 663 2355 841 2435; x_wconf 85' lang='lat' dir='ltr'><strong>ingenium</strong></span> <span class='ocrx_word' id='word_1_128' title='bbox 862 2354 1081 2419; x_wconf 87' lang='lat' dir='ltr'><strong>adhiberetur</strong></span> 
     </span>
     <span class='ocr_line' id='line_1_22' title="bbox 137 2452 1081 2536; baseline 0.002 -22"><span class='ocrx_word' id='word_1_129' title='bbox 137 2452 181 2515; x_wconf 91' lang='lat' dir='ltr'><strong>ad</strong></span> <span class='ocrx_word' id='word_1_130' title='bbox 204 2453 339 2530; x_wconf 91' lang='lat' dir='ltr'><strong>turrim,</strong></span> <span class='ocrx_word' id='word_1_131' title='bbox 362 2453 445 2536; x_wconf 87' lang='lat' dir='ltr'><strong>quia</strong></span> <span class='ocrx_word' id='word_1_132' title='bbox 460 2453 588 2517; x_wconf 89' lang='lat' dir='ltr'><strong>crebris</strong></span> <span class='ocrx_word' id='word_1_133' title='bbox 601 2454 727 2518; x_wconf 90' lang='lat' dir='ltr'><strong>ictibus</strong></span> <span class='ocrx_word' id='word_1_134' title='bbox 743 2454 978 2518; x_wconf 88' lang='lat' dir='ltr'><strong>machinarum</strong></span> <span class='ocrx_word' id='word_1_135' title='bbox 993 2472 1081 2536; x_wconf 87' lang='lat' dir='ltr'><strong>pons</strong></span> 
     </span>
     <span class='ocr_line' id='line_1_23' title="bbox 138 2549 1081 2636; baseline -0.001 -21"><span class='ocrx_word' id='word_1_136' title='bbox 138 2571 202 2634; x_wconf 88' lang='lat' dir='ltr'><strong>pro</strong></span> <span class='ocrx_word' id='word_1_137' title='bbox 220 2571 348 2635; x_wconf 82' lang='lat' dir='ltr'><strong>magna</strong></span> <span class='ocrx_word' id='word_1_138' title='bbox 369 2560 469 2635; x_wconf 87' lang='lat' dir='ltr'><strong>parte</strong></span> <span class='ocrx_word' id='word_1_139' title='bbox 491 2553 686 2617; x_wconf 88' lang='lat' dir='ltr'><strong>destructus</strong></span> <span class='ocrx_word' id='word_1_140' title='bbox 706 2549 832 2631; x_wconf 85' lang='lat' dir='ltr'><strong>fuerat,</strong></span> <span class='ocrx_word' id='word_1_141' title='bbox 847 2556 906 2636; x_wconf 92' lang='lat' dir='ltr'><strong>qui</strong></span> <span class='ocrx_word' id='word_1_142' title='bbox 930 2554 972 2618; x_wconf 90' lang='lat' dir='ltr'><strong>de</strong></span> <span class='ocrx_word' id='word_1_143' title='bbox 998 2553 1081 2616; x_wconf 85' lang='lat' dir='ltr'><strong>civi-</strong></span> 
     </span>
     <span class='ocr_line' id='line_1_24' title="bbox 139 2650 1083 2718; baseline -0.003 -1"><span class='ocrx_word' id='word_1_144' title='bbox 139 2659 212 2717; x_wconf 89' lang='lat' dir='ltr'><strong>tate</strong></span> <span class='ocrx_word' id='word_1_145' title='bbox 227 2650 345 2716; x_wconf 91' lang='lat' dir='ltr'><strong>hostes</strong></span> <span class='ocrx_word' id='word_1_146' title='bbox 367 2652 446 2715; x_wconf 91' lang='lat' dir='ltr'><strong>fidei</strong></span> <span class='ocrx_word' id='word_1_147' title='bbox 469 2653 617 2717; x_wconf 92' lang='lat' dir='ltr'><strong>ducebat</strong></span> <span class='ocrx_word' id='word_1_148' title='bbox 639 2654 683 2717; x_wconf 93' lang='lat' dir='ltr'><strong>ad</strong></span> <span class='ocrx_word' id='word_1_149' title='bbox 706 2655 839 2718; x_wconf 89' lang='lat' dir='ltr'><strong>turrim.</strong></span> <span class='ocrx_word' id='word_1_150' title='bbox 892 2653 1001 2717; x_wconf 88' lang='lat' dir='ltr'><strong>Sexta</strong></span> <span class='ocrx_word' id='word_1_151' title='bbox 1018 2652 1083 2715; x_wconf 91' lang='lat' dir='ltr'><strong>ita-</strong></span> 
     </span>
     <span class='ocr_line' id='line_1_25' title="bbox 139 2752 1082 2834; baseline -0.001 -19"><span class='ocrx_word' id='word_1_152' title='bbox 139 2772 206 2834; x_wconf 92' lang='lat' dir='ltr'><strong>que</strong></span> <span class='ocrx_word' id='word_1_153' title='bbox 227 2752 314 2815; x_wconf 86' lang='lat' dir='ltr'><strong>feria</strong></span> <span class='ocrx_word' id='word_1_154' title='bbox 338 2758 419 2816; x_wconf 90' lang='lat' dir='ltr'><strong>ante</strong></span> <span class='ocrx_word' id='word_1_155' title='bbox 441 2752 568 2816; x_wconf 85' lang='lat' dir='ltr'><strong>festum</strong></span> <span class='ocrx_word' id='word_1_156' title='bbox 594 2753 706 2817; x_wconf 87' lang='lat' dir='ltr'><strong>sancti</strong></span> <span class='ocrx_word' id='word_1_157' title='bbox 730 2752 977 2818; x_wconf 88' lang='lat' dir='ltr'><strong>Bartholomaei</strong></span> <span class='ocrx_word' id='word_1_158' title='bbox 1000 2770 1082 2833; x_wconf 87' lang='lat' dir='ltr'><strong>apo-</strong></span> 
     </span>
     <span class='ocr_line' id='line_1_26' title="bbox 139 2851 1083 2935; baseline -0.002 -20"><span class='ocrx_word' id='word_1_159' title='bbox 139 2851 220 2915; x_wconf 90' lang='lat' dir='ltr'><strong>stoli</strong></span> <span class='ocrx_word' id='word_1_160' title='bbox 233 2852 335 2914; x_wconf 91' lang='lat' dir='ltr'><strong>nudis</strong></span> <span class='ocrx_word' id='word_1_161' title='bbox 357 2851 501 2934; x_wconf 88' lang='lat' dir='ltr'><strong>pedibus</strong></span> <span class='ocrx_word' id='word_1_162' title='bbox 519 2872 597 2915; x_wconf 88' lang='lat' dir='ltr'><strong>eum</strong></span> <span class='ocrx_word' id='word_1_163' title='bbox 619 2854 839 2935; x_wconf 89' lang='lat' dir='ltr'><strong>processione</strong></span> <span class='ocrx_word' id='word_1_164' title='bbox 858 2851 1003 2916; x_wconf 89' lang='lat' dir='ltr'><strong>solemni</strong></span> <span class='ocrx_word' id='word_1_165' title='bbox 1024 2851 1083 2914; x_wconf 91' lang='lat' dir='ltr'><strong>de·</strong></span> 
     </span>
     <span class='ocr_line' id='line_1_27' title="bbox 139 2950 1085 3034; baseline -0.001 -19"><span class='ocrx_word' id='word_1_166' title='bbox 139 2952 316 3016; x_wconf 86' lang='lat' dir='ltr'><strong>votissime</strong></span> <span class='ocrx_word' id='word_1_167' title='bbox 340 2959 581 3034; x_wconf 89' lang='lat' dir='ltr'><strong>processerunt</strong></span> <span class='ocrx_word' id='word_1_168' title='bbox 596 2952 640 3015; x_wconf 89' lang='lat' dir='ltr'><strong>ad</strong></span> <span class='ocrx_word' id='word_1_169' title='bbox 662 2972 799 3017; x_wconf 91' lang='lat' dir='ltr'><strong>crucem</strong></span> <span class='ocrx_word' id='word_1_170' title='bbox 821 2959 978 3016; x_wconf 87' lang='lat' dir='ltr'><strong>sanctam</strong></span> <span class='ocrx_word' id='word_1_171' title='bbox 1001 2950 1085 3014; x_wconf 88' lang='lat' dir='ltr'><strong>fide-</strong></span> 
     </span>
     <span class='ocr_line' id='line_1_28' title="bbox 124 3051 1084 3134; baseline -0.002 -20"><span class='ocrx_word' id='word_1_172' title='bbox 124 3051 202 3128; x_wconf 85' lang='lat' dir='ltr'><strong>·les,</strong></span> <span class='ocrx_word' id='word_1_173' title='bbox 235 3052 326 3115; x_wconf 91' lang='lat' dir='ltr'><strong>clero</strong></span> <span class='ocrx_word' id='word_1_174' title='bbox 355 3070 434 3115; x_wconf 95' lang='lat' dir='ltr'><strong>cum</strong></span> <span class='ocrx_word' id='word_1_175' title='bbox 467 3052 609 3134; x_wconf 88' lang='lat' dir='ltr'><strong>psalmis</strong></span> <span class='ocrx_word' id='word_1_176' title='bbox 636 3059 671 3116; x_wconf 94' lang='lat' dir='ltr'><strong>et</strong></span> <span class='ocrx_word' id='word_1_177' title='bbox 695 3053 827 3116; x_wconf 89' lang='lat' dir='ltr'><strong>litaniis</strong></span> <span class='ocrx_word' id='word_1_178' title='bbox 855 3051 1084 3134; x_wconf 88' lang='lat' dir='ltr'><strong>praecedente,</strong></span> 
     </span>
     <span class='ocr_line' id='line_1_29' title="bbox 139 3151 1085 3234; baseline -0.002 -19"><span class='ocrx_word' id='word_1_179' title='bbox 139 3151 308 3215; x_wconf 87' lang='lat' dir='ltr'><strong>auxilium</strong></span> <span class='ocrx_word' id='word_1_180' title='bbox 333 3151 508 3215; x_wconf 90' lang='lat' dir='ltr'><strong>humiliter</strong></span> <span class='ocrx_word' id='word_1_181' title='bbox 532 3151 758 3234; x_wconf 86' lang='lat' dir='ltr'><strong>implorantes</strong></span> <span class='ocrx_word' id='word_1_182' title='bbox 779 3151 945 3227; x_wconf 89' lang='lat' dir='ltr'><strong>divinum,</strong></span> <span class='ocrx_word' id='word_1_183' title='bbox 967 3157 1007 3213; x_wconf 89' lang='lat' dir='ltr'><strong>ut</strong></span> <span class='ocrx_word' id='word_1_184' title='bbox 1029 3168 1085 3213; x_wconf 86' lang='lat' dir='ltr'><strong>res</strong></span> 
     </span>
     <span class='ocr_line' id='line_1_30' title="bbox 141 3249 1085 3334; baseline -0.002 -20"><span class='ocrx_word' id='word_1_185' title='bbox 141 3251 233 3314; x_wconf 89' lang='lat' dir='ltr'><strong>omni</strong></span> <span class='ocrx_word' id='word_1_186' title='bbox 260 3258 393 3315; x_wconf 87' lang='lat' dir='ltr'><strong>careret</strong></span> <span class='ocrx_word' id='word_1_187' title='bbox 415 3250 548 3315; x_wconf 86' lang='lat' dir='ltr'><strong>invidia</strong></span> <span class='ocrx_word' id='word_1_188' title='bbox 566 3257 601 3314; x_wconf 88' lang='lat' dir='ltr'><strong>et</strong></span> <span class='ocrx_word' id='word_1_189' title='bbox 616 3250 790 3334; x_wconf 87' lang='lat' dir='ltr'><strong>jactantia</strong></span> <span class='ocrx_word' id='word_1_190' title='bbox 809 3270 901 3316; x_wconf 86' lang='lat' dir='ltr'><strong>vana</strong></span> <span class='ocrx_word' id='word_1_191' title='bbox 924 3250 966 3313; x_wconf 92' lang='lat' dir='ltr'><strong>de</strong></span> <span class='ocrx_word' id='word_1_192' title='bbox 991 3249 1085 3313; x_wconf 89' lang='lat' dir='ltr'><strong>omni</strong></span> 
     </span>
     <span class='ocr_line' id='line_1_31' title="bbox 141 3348 1086 3433; baseline -0.002 -20"><span class='ocrx_word' id='word_1_193' title='bbox 141 3356 255 3431; x_wconf 79' lang='lat' dir='ltr'><strong>gente,</strong></span> <span class='ocrx_word' id='word_1_194' title='bbox 287 3369 365 3433; x_wconf 88' lang='lat' dir='ltr'><strong>quae</strong></span> <span class='ocrx_word' id='word_1_195' title='bbox 393 3357 476 3414; x_wconf 91' lang='lat' dir='ltr'><strong>tunc</strong></span> <span class='ocrx_word' id='word_1_196' title='bbox 505 3349 541 3412; x_wconf 93' lang='lat' dir='ltr'><strong>in</strong></span> <span class='ocrx_word' id='word_1_197' title='bbox 572 3351 727 3415; x_wconf 84' lang='lat' dir='ltr'><strong>exercitu</strong></span> <span class='ocrx_word' id='word_1_198' title='bbox 751 3358 838 3415; x_wconf 88' lang='lat' dir='ltr'><strong>erat.</strong></span> <span class='ocrx_word' id='word_1_199' title='bbox 891 3349 1016 3413; x_wconf 90' lang='lat' dir='ltr'><strong>Plures</strong></span> <span class='ocrx_word' id='word_1_200' title='bbox 1041 3348 1086 3411; x_wconf 88' lang='lat' dir='ltr'><strong>ad</strong></span> 
     </span>
     <span class='ocr_line' id='line_1_32' title="bbox 143 3449 1088 3533; baseline -0.001 -22"><span class='ocrx_word' id='word_1_201' title='bbox 143 3449 246 3533; x_wconf 89' lang='lat' dir='ltr'><strong>hujus</strong></span> <span class='ocrx_word' id='word_1_202' title='bbox 284 3450 415 3531; x_wconf 84' lang='lat' dir='ltr'><strong>negotii</strong></span> <span class='ocrx_word' id='word_1_203' title='bbox 450 3450 706 3514; x_wconf 85' lang='lat' dir='ltr'><strong>exsecutionem</strong></span> <span class='ocrx_word' id='word_1_204' title='bbox 744 3451 981 3515; x_wconf 88' lang='lat' dir='ltr'><strong>invitaverunt</strong></span> <span class='ocrx_word' id='word_1_205' title='bbox 1014 3466 1088 3510; x_wconf 83' lang='lat' dir='ltr'><strong>ma-</strong></span> 
     </span>
     <span class='ocr_line' id='line_1_33' title="bbox 137 3546 1087 3634; baseline -0.003 -22"><span class='ocrx_word' id='word_1_206' title='bbox 137 3549 249 3634; x_wconf 89' lang='lat' dir='ltr'><strong>jores,</strong></span> <span class='ocrx_word' id='word_1_207' title='bbox 272 3549 355 3613; x_wconf 89' lang='lat' dir='ltr'><strong>licet</strong></span> <span class='ocrx_word' id='word_1_208' title='bbox 379 3568 465 3631; x_wconf 82' lang='lat' dir='ltr'><strong>gens</strong></span> <span class='ocrx_word' id='word_1_209' title='bbox 487 3549 669 3614; x_wconf 90' lang='lat' dir='ltr'><strong>Frisonum</strong></span> <span class='ocrx_word' id='word_1_210' title='bbox 695 3558 730 3616; x_wconf 87' lang='lat' dir='ltr'><strong>et</strong></span> <span class='ocrx_word' id='word_1_211' title='bbox 751 3550 1020 3614; x_wconf 86' lang='lat' dir='ltr'><strong>Teutonicorum</strong></span> <span class='ocrx_word' id='word_1_212' title='bbox 1043 3546 1087 3610; x_wconf 92' lang='lat' dir='ltr'><strong>ad</strong></span> 
     </span>
     <span class='ocr_line' id='line_1_34' title="bbox 145 3647 1090 3732; baseline -0.004 -20"><span class='ocrx_word' id='word_1_213' title='bbox 145 3667 251 3712; x_wconf 89' lang='lat' dir='ltr'><strong>naves</strong></span> <span class='ocrx_word' id='word_1_214' title='bbox 280 3648 473 3731; x_wconf 90' lang='lat' dir='ltr'><strong>implendas</strong></span> <span class='ocrx_word' id='word_1_215' title='bbox 511 3647 681 3715; x_wconf 90' lang='lat' dir='ltr'><strong>sufficeret</strong></span> <span class='ocrx_word' id='word_1_216' title='bbox 713 3657 749 3714; x_wconf 91' lang='lat' dir='ltr'><strong>et</strong></span> <span class='ocrx_word' id='word_1_217' title='bbox 776 3650 958 3732; x_wconf 78' lang='lat' dir='ltr'><strong>regendas</strong></span> <span class='ocrx_word' id='word_1_218' title='bbox 1022 3647 1090 3709; x_wconf 92' lang='lat' dir='ltr'><strong>Die</strong></span> 
     </span>
     <span class='ocr_line' id='line_1_35' title="bbox 144 3748 1089 3832; baseline -0.002 -21"><span class='ocrx_word' id='word_1_219' title='bbox 144 3748 283 3811; x_wconf 90' lang='lat' dir='ltr'><strong>tandem</strong></span> <span class='ocrx_word' id='word_1_220' title='bbox 299 3749 393 3813; x_wconf 88' lang='lat' dir='ltr'><strong>beati</strong></span> <span class='ocrx_word' id='word_1_221' title='bbox 414 3748 673 3828; x_wconf 87' lang='lat' dir='ltr'><strong>Bartholomaei,</strong></span> <span class='ocrx_word' id='word_1_222' title='bbox 688 3768 766 3832; x_wconf 88' lang='lat' dir='ltr'><strong>quae</strong></span> <span class='ocrx_word' id='word_1_223' title='bbox 782 3756 865 3813; x_wconf 88' lang='lat' dir='ltr'><strong>tunc</strong></span> <span class='ocrx_word' id='word_1_224' title='bbox 881 3749 968 3812; x_wconf 82' lang='lat' dir='ltr'><strong>feria</strong></span> <span class='ocrx_word' id='word_1_225' title='bbox 987 3753 1089 3810; x_wconf 86' lang='lat' dir='ltr'><strong>sexta</strong></span> 
     </span>
     <span class='ocr_line' id='line_1_36' title="bbox 143 3847 1089 3929; baseline -0.002 -19"><span class='ocrx_word' id='word_1_226' title='bbox 143 3854 231 3924; x_wconf 87' lang='lat' dir='ltr'><strong>erat,</strong></span> <span class='ocrx_word' id='word_1_227' title='bbox 247 3867 325 3911; x_wconf 93' lang='lat' dir='ltr'><strong>cum</strong></span> <span class='ocrx_word' id='word_1_228' title='bbox 344 3848 448 3914; x_wconf 91' lang='lat' dir='ltr'><strong>Nilus</strong></span> <span class='ocrx_word' id='word_1_229' title='bbox 464 3847 684 3913; x_wconf 88' lang='lat' dir='ltr'><strong>vehementer</strong></span> <span class='ocrx_word' id='word_1_230' title='bbox 699 3850 911 3913; x_wconf 83' lang='lat' dir='ltr'><strong>excrevisset</strong></span> <span class='ocrx_word' id='word_1_231' title='bbox 930 3855 966 3911; x_wconf 92' lang='lat' dir='ltr'><strong>et</strong></span> <span class='ocrx_word' id='word_1_232' title='bbox 981 3864 1089 3929; x_wconf 87' lang='lat' dir='ltr'><strong>aqua·</strong></span> 
     </span>
     <span class='ocr_line' id='line_1_37' title="bbox 144 3946 1090 4032; baseline -0.004 -21"><span class='ocrx_word' id='word_1_233' title='bbox 144 3968 220 4011; x_wconf 90' lang='lat' dir='ltr'><strong>rum</strong></span> <span class='ocrx_word' id='word_1_234' title='bbox 234 3946 383 4031; x_wconf 86' lang='lat' dir='ltr'><strong>impetus</strong></span> <span class='ocrx_word' id='word_1_235' title='bbox 398 3949 575 4030; x_wconf 86' lang='lat' dir='ltr'><strong>negotium</strong></span> <span class='ocrx_word' id='word_1_236' title='bbox 589 3949 773 4032; x_wconf 91' lang='lat' dir='ltr'><strong>plurimum</strong></span> <span class='ocrx_word' id='word_1_237' title='bbox 788 3948 999 4031; x_wconf 89' lang='lat' dir='ltr'><strong>impedisset,</strong></span> <span class='ocrx_word' id='word_1_238' title='bbox 1012 3965 1090 4008; x_wconf 87' lang='lat' dir='ltr'><strong>eum</strong></span> 
     </span>
     <span class='ocr_line' id='line_1_38' title="bbox 144 4047 1091 4131; baseline -0.004 -20"><span class='ocrx_word' id='word_1_239' title='bbox 144 4048 255 4112; x_wconf 87' lang='lat' dir='ltr'><strong>multa</strong></span> <span class='ocrx_word' id='word_1_240' title='bbox 277 4049 359 4113; x_wconf 90' lang='lat' dir='ltr'><strong>licet</strong></span> <span class='ocrx_word' id='word_1_241' title='bbox 376 4047 578 4113; x_wconf 87' lang='lat' dir='ltr'><strong>difficultate</strong></span> <span class='ocrx_word' id='word_1_242' title='bbox 600 4056 635 4113; x_wconf 92' lang='lat' dir='ltr'><strong>et</strong></span> <span class='ocrx_word' id='word_1_243' title='bbox 651 4049 805 4131; x_wconf 90' lang='lat' dir='ltr'><strong>periculo</strong></span> <span class='ocrx_word' id='word_1_244' title='bbox 825 4049 1091 4111; x_wconf 89' lang='lat' dir='ltr'><strong>instrumentum</strong></span> 
     </span>
     <span class='ocr_line' id='line_1_39' title="bbox 146 4146 1090 4230; baseline -0.005 -18"><span class='ocrx_word' id='word_1_245' title='bbox 146 4148 349 4213; x_wconf 88' lang='lat' dir='ltr'><strong>trahebatur</strong></span> <span class='ocrx_word' id='word_1_246' title='bbox 372 4149 415 4214; x_wconf 93' lang='lat' dir='ltr'><strong>ad</strong></span> <span class='ocrx_word' id='word_1_247' title='bbox 439 4149 584 4229; x_wconf 89' lang='lat' dir='ltr'><strong>turrim;</strong></span> <span class='ocrx_word' id='word_1_248' title='bbox 618 4150 717 4214; x_wconf 89' lang='lat' dir='ltr'><strong>navis</strong></span> <span class='ocrx_word' id='word_1_249' title='bbox 741 4156 867 4226; x_wconf 89' lang='lat' dir='ltr'><strong>autem,</strong></span> <span class='ocrx_word' id='word_1_250' title='bbox 893 4146 997 4230; x_wconf 91' lang='lat' dir='ltr'><strong>hujus</strong></span> <span class='ocrx_word' id='word_1_251' title='bbox 1017 4163 1090 4207; x_wconf 89' lang='lat' dir='ltr'><strong>ma·</strong></span> 
     </span>
    </p>
   </div>
   <div class='ocr_carea' id='block_1_5' title="bbox 0 0 1441 4866">
    <p class='ocr_par' dir='ltr' id='par_1_5' title="bbox 0 0 1441 4866">
     <span class='ocr_line' id='line_1_40' title="bbox 0 0 1441 4866; baseline 0 0"><span class='ocrx_word' id='word_1_252' title='bbox 0 0 1441 4866; x_wconf 95' lang='lat' dir='ltr'><strong> </strong></span> 
     </span>
    </p>
   </div>
  </div>
 </body>
</html>
