2864 4866
432 435 571 484 rnoans
598 436 867 485 maronianum,
1059 420 1125 485 177

174 597 208 654 et
229 590 320 655 dixit
344 592 464 674 lingua
493 592 689 670 Gallicana,
714 595 864 672 ‘Bene‚'
887 595 1011 678 inquit,
1040 596 1121 660 ‘do-
1136 612 1191 653 ab.
1201 614 1258 653 12²⁸.

174 691 286 754 minus
319 712 416 757 meus
457 694 553 757 novit
591 693 762 757 hominem
798 695 908 773 illum,
935 703 981 760 ‘et
1017 696 1122 778 paulo
1135 663 1286 764 dll‘Jlild‘t'

174 797 359 872 antequam
400 793 466 855 iter
505 793 672 874 arriperet
708 793 753 856 ad
786 801 902 875 partes
934 795 1122 859 occidentis

174 888 264 952 idem
291 891 424 974 Joseph
449 892 486 954 in
513 890 681 956 Armenia
711 894 860 957 comedit
890 894 935 956 ad
969 914 1122 958 mensam

134 1035 137 1042 .
175 988 305 1053 domini
329 992 396 1054 mei
423 990 683 1075 archiepiscopi,
706 993 1005 1103 quemffltoties
1028 994 1122 1058 vide·

174 1096 229 1152 rat
253 1096 288 1153 et
311 1091 469 1155 audierat
489 1091 711 1173 loquentem!
757 1092 803 1156 Et
826 1094 1044 1174 postmodum
1069 1095 1122 1156 in-

175 1193 372 1270 terrogatus
389 1191 431 1254 de
448 1192 550 1255 rebus
566 1192 674 1273 gestis
687 1191 778 1255 inter
797 1192 984 1256 Dominum
999 1192 1023 1256 J
1025 1213 1121 1256 esum

91 1365 93 1369 Ι
175 1285 351 1352 Christum
367 1297 403 1354 et
413 1291 558 1354 eundem
575 1290 598 1354 J
601 1291 708 1374 oseph
722 1293 910 1373 respondit,
929 1292 1122 1374 ‘Tempore

174 1389 345 1469 passionis
371 1389 394 1453 J
397 1410 458 1454 esu
476 1389 618 1467 Christi,
640 1411 718 1455 curn
741 1401 864 1474 captus
887 1411 909 1454 a
928 1391 951 1455 J
955 1393 1063 1456 udaeis
1085 1393 1120 1455 in

174 1489 373 1567 praetorium
389 1489 559 1554 adductus
579 1491 701 1554 fuisset
723 1498 805 1555 ante
826 1491 1007 1574 praesidem
1026 1491 1121 1555 Pila-

175 1593 259 1663 tum,
280 1597 319 1653 ut
336 1588 553 1671 judicaretur
576 1592 621 1653 ab
645 1591 733 1672 ipso,
756 1592 1000 1655 accusantibus
1025 1592 1122 1655 illum

175 1694 373 1752 constanter
403 1688 426 1752 J
429 1689 550 1766 udaeis,
582 1709 661 1754 cum
690 1689 826 1754 Pilatus
854 1691 983 1755 nullam
1015 1691 1052 1753 in
1078 1710 1119 1755 eo

174 1804 314 1850 causam
333 1790 454 1853 mortis
470 1789 670 1866 invenisset,
687 1789 778 1854 dixit
794 1791 838 1854 ad
852 1810 924 1867 eoS,
940 1787 1121 1871 ‘Accipite

174 1905 251 1951 eum
275 1907 337 1952 vos
366 1897 402 1952 et
426 1889 616 1953 secundum
647 1888 758 1971 legem
791 1897 941 1955 vestram
967 1889 1122 1972 judicate
1224 1885 1227 1891 ’

174 1984 279 2064 eum3'
297 1989 357 2051 sed
372 1976 521 2065 tandem,
531 1989 823 2053 invalescentibus
836 1988 1045 2052 clamoribus
1056 1988 1080 2052 J
1083 2009 1122 2051 u-

174 2084 339 2164 daeorum,
369 2087 504 2152 Pilatus
529 2088 658 2153 dimisit
682 2089 752 2152 illis
773 2088 969 2152 Barabbam
989 2088 1032 2151 ad
1060 2107 1120 2169 pe·

175 2185 331 2250 titionem
353 2188 503 2266 illorum,
526 2197 561 2253 et
578 2188 722 2252 tradidit
738 2189 788 2251 eis
805 2188 829 2252 J
832 2208 940 2265 esum,
954 2195 993 2251 ut
1011 2187 1122 2250 cruci-

174 2283 346 2366 figeretur.
393 2287 626 2353 Trahentibus
640 2295 756 2352 autem
772 2288 796 2352 J
798 2288 906 2352 udaeis
923 2287 947 2351 J
950 2307 1046 2351 esum
1061 2307 1121 2350 ex·

176 2391 230 2448 tra
250 2387 460 2468 praetorium,
482 2409 560 2452 cum
585 2389 738 2452 venisset
763 2389 807 2451 ad
832 2389 971 2464 ostium,
998 2387 1122 2452 Carta-

173 2483 301 2566 pbilus,
328 2488 480 2569 praetorii
505 2489 669 2551 ostiarius
694 2495 730 2551 et
750 2488 866 2553 Pontii
898 2487 1017 2564 Pilati,
1045 2507 1122 2550 cum

174 2603 236 2666 per
254 2587 380 2650 ostium
398 2588 510 2651 exiret
524 2586 547 2650 J
550 2607 642 2665 esuS,
662 2589 795 2670 pepulit
812 2607 890 2651 eum
904 2607 1021 2669 pugno
1043 2594 1123 2668 post

174 2691 308 2766 tergum
328 2687 432 2769 impie
452 2695 488 2750 et
503 2688 647 2750 irridens
669 2687 802 2770 [dixit]
825 2687 949 2751 ‘Vade
969 2686 992 2750 J
996 2705 1056 2749 esu
1074 2687 1122 2748 ci·

175 2786 254 2862 tius,
266 2786 367 2861 vade,
382 2787 464 2868 quid
482 2787 627 2850 moraris
641 2787 667 2850 l’
711 2787 757 2850 Et
770 2786 794 2850 J
796 2806 875 2850 esus
889 2805 1010 2849 severo
1023 2785 1122 2849 vultu

176 2893 211 2949 ct
232 2886 333 2950 oculo
360 2875 545 2968 respiciens
568 2889 604 2949 in
628 2907 705 2950 eum
729 2886 829 2963 dixit,
847 2892 857 2919 ‘
872 2885 971 2967 Ego,'
997 2885 1121 2965 inquit,

173 2985 296 3062 ‘vado,
310 2992 346 3050 et
367 2993 405 3049 tu
424 2986 642 3069 exspectabis
662 2987 770 3050 donec
791 2979 968 3049 redeam!¹
997 2985 1122 3066 Itaque

169 3084 276 3169 juxta
291 3086 431 3150 verbum
447 3086 590 3151 Domini
607 3092 787 3168 exspectat
805 3085 916 3149 adhuc
938 3083 1121 3166 Cartaphi-

174 3185 228 3249 lus
255 3186 326 3264 ille,
358 3187 418 3268 qui
451 3195 604 3268 tempore
632 3175 825 3249 Dominicae
847 3185 1019 3267 passionis
1049 3190 1123 3246 erat

174 3286 274 3368 quasi
303 3287 447 3368 triginta
475 3305 654 3363 annorum,
680 3293 715 3349 et
737 3304 883 3365 semper,
911 3303 988 3346 cum
1014 3302 1123 3364 usque

174 3385 218 3448 ad
234 3393 370 3449 centum
389 3386 546 3467 attigerit
567 3404 749 3461 annorum,
763 3383 851 3447 redit
866 3382 909 3447 ad
922 3383 1020 3445 illum
1037 3389 1122 3445 aeta·

175 3485 220 3550 tis
250 3493 393 3562 statum,
418 3505 487 3567 quo
520 3485 587 3548 fuit
616 3503 707 3549 anno
742 3483 880 3566 quando
913 3500 1038 3564 passus
1069 3489 1122 3546 est

176 3584 344 3649 Christus.
380 3585 512 3649 Verum
535 3592 615 3667 post
638 3582 833 3666 passionem
859 3582 1012 3658 Domini,
1031 3600 1123 3643 cres-

174 3693 272 3750 cente
289 3684 357 3749 fide
371 3685 554 3762 catholica,
571 3684 662 3747 idem
685 3682 907 3764 Cartaphilus
926 3682 1122 3764 baptizatus

174 3784 240 3849 fuit
264 3786 308 3848 ab
335 3784 485 3863 Ananis,
510 3785 570 3867 qui
595 3783 744 3846 Paulum
769 3782 959 3864 baptizavit
982 3789 1122 3865 aposto·

175 3883 258 3962 lum,
282 3892 317 3949 et
334 3892 480 3949 vocatus
497 3892 549 3948 est
566 3882 589 3946 J
592 3883 710 3965 osepb.
765 3883 916 3945 Habitat
929 3881 1122 3944 autemfre·

175 3990 320 4066 quenter
340 3985 375 4047 in
399 3992 547 4066 utraque
569 3981 735 4047 Armenia
759 3982 851 4045 etin
874 3980 952 4043 aliis
974 3979 1122 4060 regioni-

121 4085 124 4089 ’
175 4086 239 4149 bus
267 4084 422 4160 orientiS,
445 4085 565 4148 vivens
589 4084 679 4147 inter
701 4082 881 4164 episcopos
904 4086 939 4142 et
956 4079 1043 4143 alios
1067 4096 1123 4164 ec·

175 4185 289 4250 clasiae
310 4185 486 4267 praelatos,
508 4184 611 4248 homo
634 4190 766 4247 sanctae
787 4180 1059 4246 conversationis
1089 4183 1124 4239 et

224 4301 373 4349 vouxlv.
950 4295 975 4341 N
