2864 4866
345 471 347 474 Α
400 410 539 458 rconns
562 411 830 460 nrsronnrnun.
1046 399 1093 464 37·

139 565 168 629 ri
185 566 262 651 conj
268 568 362 632 uncti
384 568 494 634 dulcis
516 570 750 647 hauriebatur,
767 589 845 653 quae
868 571 1087 653 postmodum
1101 597 1155 638 no.
1168 599 1224 649 nra

139 666 233 730 salsa
250 667 316 732 fuit
330 688 439 751 usque
459 670 503 733 ad
525 669 662 746 Casale,
677 670 769 754 quod
789 688 925 734 sursum
945 691 1006 754 per
1025 674 1089 736 mi.

139 766 223 831 liare
246 786 267 829 a
290 770 453 834 Damieta
479 769 597 835 distat.
650 769 775 852 Itaque
798 778 878 852 post
899 772 1085 836 adventum

138 865 414 933 Christianorum
436 870 530 952 apud
551 870 749 934 Damietam
769 869 862 933 facta
879 878 932 935 est
946 872 1085 954 eclipsis

137 966 229 1031 lunae
260 968 331 1033 fere
367 969 550 1051 generalia
581 989 685 1054 quam
715 969 752 1033 in
782 969 952 1034 defectum
981 971 1086 1035 Sara-

138 1086 300 1132 cenorum
334 1069 553 1152 interpretati
584 1077 666 1134 sunt
696 1068 897 1147 Christiani,
927 1070 988 1152 qui
1018 1071 1084 1135 sibi

137 1167 347 1233 incremento
376 1179 412 1233 et
435 1169 652 1234 decremento
684 1168 760 1253 ejus
794 1187 956 1251 magnam
986 1170 1084 1233 attri-

136 1268 248 1333 buunt
268 1270 511 1353 conjecturam.

170 1439 220 1504 Dc
234 1437 386 1506 obsidium
400 1442 499 1509 turris
513 1443 665 1508 Damione
681 1443 716 1523 in
731 1444 811 1510 Nilo
817 1446 950 1528 flumine
962 1445 1038 1513 sua,

187 1559 273 1630 His¹
291 1567 342 1632 ita
358 1568 480 1649 gestis,
495 1569 656 1633 viderunt
672 1570 790 1634 fideles
810 1568 940 1635 Christi
962 1568 1084 1633 turrim
1097 1594 1232 1644 somnne

94 1672 97 1677 ’
136 1667 308 1746 quandam
331 1667 449 1746 altam,
468 1675 504 1732 et
525 1689 570 1733 ex
590 1677 766 1734 structura
790 1671 942 1753 lapidum
959 1669 1083 1733 fortem
1096 1648 1160 1736 ‘ila

136 1765 238 1830 nimis
261 1773 296 1831 at
318 1768 595 1849 pulcherrimam,
617 1789 686 1834 non
709 1769 811 1852 longa
834 1771 877 1835 ab
899 1770 983 1834 urbe
1006 1770 1080 1833 Da-

136 1866 250 1931 mietae
275 1867 312 1930 in
333 1868 446 1933 medio
470 1869 544 1933 Nili
566 1869 718 1933 fluminis
740 1871 854 1947 sitam,
883 1889 904 1933 a
930 1887 1000 1952 qua
1025 1888 1083 1933 ca-

136 1971 217 2030 tena
248 1967 406 2049 quaedam
442 1969 554 2033 ferrea
591 1975 627 2034 ct
664 1971 848 2034 enormiter
886 1988 1008 2051 grossa
1039 1989 1084 2033 ex

136 2072 334 2132 transverso
363 2068 503 2133 flumine
533 2070 802 2153 protendebatur
823 2087 932 2152 usque
957 2068 1002 2132 ad
1025 2088 1084 2131 ur-

135 2166 213 2229 bem
237 2187 342 2250 super
364 2169 469 2234 aliam
499 2171 609 2253 ripam
637 2169 712 2234 Nili
737 2169 887 2233 fluminis
914 2168 1084 2232 constitu-

87 2332 89 2336 Α
136 2272 219 2331 tam.
271 2267 361 2333 Haec
391 2276 507 2334 autem
537 2270 642 2333 turris
666 2270 816 2334 omniurn
843 2269 975 2353 judicio
1002 2276 1084 2332 anta

136 2368 348 2433 obsidionem
385 2371 556 2434 Damietae
593 2368 706 2434 fuerat
744 2369 975 2453 subjuganda,
1021 2368 1082 2432 sed

137 2467 300 2533 Frisones
320 2490 414 2534 more
437 2471 540 2534 solito
561 2469 793 2552 impatientes,
817 2469 900 2533 Nilo
923 2468 1083 2544 transito,

130 2567 291 2650 jumenta
321 2569 572 2634 Saracenorum
603 2570 770 2647 tulerunt,
802 2576 837 2633 et
864 2569 1020 2633 volentes
1046 2568 1083 2631 in

135 2668 290 2733 ulteriori
326 2670 404 2756 ripa
440 2669 680 2734 castrametari
714 2670 855 2733 stabant
885 2675 1082 2751 pugnantes

136 2776 258 2832 contra
279 2788 447 2852 paganos,
468 2771 528 2853 qui
552 2769 601 2832 eis
625 2770 667 2833 de
691 2769 832 2834 civitate
849 2767 986 2833 obviam
1004 2787 1084 2850 pro·

135 2876 334 2950 cesserunt3
365 2869 425 2934 sed
448 2889 470 2934 a
491 2869 690 2952 patriarcha
706 2889 768 2951 per
785 2868 1012 2932 obedientiam
1029 2888 1083 2930 re-

136 2968 253 3032 vocati
278 2969 430 3047 fuerunt,
456 2971 539 3052 quia
566 2970 689 3034 inutile
711 2968 892 3033 videbatur
919 2967 1083 3050 principi·

135 3067 199 3131 bus
231 3067 449 3148 Christianis,
473 3069 565 3152 quod
594 3069 699 3133 turris
727 3068 979 3149 relinqueretur
1004 3072 1085 3148 post

135 3173 271 3249 tergum
295 3189 413 3234 eorum
439 3169 587 3252 paganis
618 3169 762 3250 repleta.
822 3165 1003 3248 Principes
1032 3165 1085 3227 in-

136 3274 232 3332 terea
253 3269 386 3333 militiae
410 3268 575 3334 Crucifixi
602 3268 644 3331 de
667 3266 826 3348 captione
852 3265 955 3328 turris
982 3265 1085 3327 nimis

136 3367 276 3433 solliciti
293 3369 453 3435 viderunt
470 3387 546 3433 eam
569 3367 647 3450 capi
663 3386 733 3430 non
748 3384 850 3448 posse
864 3364 967 3440 fame,
981 3382 1086 3445 prop-

137 3473 190 3530 ter
199 3469 351 3534 civitatis
359 3469 571 3534 vicinitatem
585 3487 594 3547 ;
621 3486 732 3548 neque
748 3465 962 3541 suffossione,
979 3483 1085 3546 prop-

138 3573 192 3633 ter
213 3586 314 3651 aquae
337 3567 604 3634 circumfluentis
626 3566 946 3649 importunitatem
974 3581 1085 3645 nequa

137 3667 269 3733 insultu
305 3669 534 3752 petrariarum
571 3673 632 3731 aut
660 3665 916 3730 trebuculorum
946 3663 1085 3740 ictibuS,
1133 3686 1142 3701 ·

138 3768 233 3849 quia,
248 3787 325 3833 cum
342 3770 378 3833 id
398 3767 516 3831 multis
534 3773 626 3831 esset
643 3765 763 3829 diebus
785 3770 1006 3839 attentatum,
1024 3781 1085 3845 pa

137 3887 213 3931 rum
228 3868 285 3932 vel
302 3867 387 3932 nihil
407 3866 638 3950 profecerunt.
689 3864 779 3928 Sane
801 3865 836 3926 in
859 3863 924 3926 hoc
946 3861 1085 3925 tandem

139 3986 257 4032 omncs
279 3967 408 4051 pariter
432 3970 681 4031 consenserunt
703 3963 833 4040 fideles,
864 3968 914 4039 ut,
940 3961 1086 4024 navibus

315 4173 384 4225 ¹Hir
395 4174 432 4224 ita
441 4169 543 4242 gestia]
560 4175 619 4224 Jac.
628 4173 661 4223 de
668 4172 789 4235 vitriaco,
801 4186 827 4233 p.
842 4173 914 4220 1132.
