2864 4866
371 405 511 454 neonus
535 405 801 455 nrsronmnuu.
994 394 1060 458 209

109 564 219 627 Facta
241 572 294 629 est
317 572 433 629 autem
457 585 560 648 super
582 565 646 629 hoc
669 585 753 629 casu
777 567 882 630 totius
905 567 1057 633 civitatis
1070 586 1191 628 annae

107 685 175 728 non
205 665 339 728 modica
369 666 562 745 admiratio,
589 666 820 730 metuentibus
843 668 988 745 cunctis,
1014 689 1057 733 ne

107 784 270 845 magnum
295 765 424 847 aliquid
447 774 483 829 et
504 766 681 830 insolitum
704 767 982 848 prognosticaret
1003 769 1056 833 fu-

108 872 232 928 turum.
286 865 417 929 Eodem
443 885 545 942 anno,
568 873 723 948 tempore
743 865 1055 949 Quadragesimali,

106 964 293 1047 imperator
322 964 500 1028 Romanus
531 973 652 1029 contra
679 965 795 1029 hostes
822 986 905 1030 suos
928 969 979 1032 ita
1001 971 1055 1032 in·

107 1065 229 1140 valuit,
253 1065 344 1146 quod
368 1072 482 1128 castra
506 1084 570 1127 sua
591 1071 626 1128 et
642 1064 726 1148 jura
751 1067 867 1129 omnia
884 1067 926 1130 ad
947 1069 1055 1151 impe-

106 1165 195 1227 rium
212 1164 406 1246 spectantia
422 1171 580 1246 potenter
597 1165 773 1229 revocavit
787 1187 796 1245 3
820 1170 1056 1251 quoscumque

108 1265 143 1328 in
168 1264 320 1328 castellis
340 1265 412 1327 suis
435 1284 480 1327 ex
506 1265 713 1328 adversariis
741 1267 843 1348 cepit,
870 1274 932 1331 aut
956 1270 1054 1334 vivos

107 1364 311 1440 excoriavit,
344 1371 404 1429 aut
439 1365 595 1446 patibulo
631 1366 821 1448 suspendit.
874 1366 897 1430 J
901 1368 1053 1432 ohannes

108 1484 190 1528 vero
210 1465 252 1529 de
273 1464 445 1541 Breisnes‚
470 1466 529 1546 qui
553 1464 662 1528 hostis
690 1466 765 1548 ejus
789 1474 863 1530 erat
885 1469 1054 1550 publicuS,

107 1572 263 1629 metuens
281 1565 430 1628 incidere
446 1565 482 1626 in
504 1566 661 1628 manibus
677 1565 782 1642 illiue,
804 1567 895 1650 fugit
912 1569 947 1632 in
968 1568 1055 1632 Gal·

106 1664 172 1727 lias
186 1665 229 1728 ad
246 1665 362 1728 natale
379 1665 502 1729 solum.
542 1664 589 1727 Et
603 1664 665 1741 sic,
678 1657 924 1731 ¹mediantibus
936 1667 1054 1732 amieis

108 1771 143 1828 et
160 1765 244 1828 viris
268 1764 450 1846 religiosis
470 1771 612 1828 statutae
632 1771 714 1828 sunt
730 1772 861 1848 treugae
881 1768 972 1831 inter
993 1769 1054 1833 do·

108 1863 237 1928 minum
260 1884 386 1947 papam
409 1872 444 1929 et
459 1865 571 1948 ipsum
595 1865 849 1947 imperatorem,
875 1886 1053 1950 quousque

107 1966 144 2028 in
160 1965 311 2048 aliquam
327 1965 422 2047 pacis
440 1965 584 2029 sormam
601 1966 835 2030 convenirent.
882 1966 952 2030 Per
964 1968 1053 2031 idem

109 2071 244 2148 tempus
259 2058 474 2128 ²Willelmus
493 2065 535 2128 de
555 2064 715 2142 Brausia,
730 2065 784 2130 vir
800 2066 924 2130 nobilis
946 2075 982 2130 et
995 2087 1054 2149 po-

108 2172 194 2242 tens,
208 2186 230 2230 a
243 2165 399 2240 Loelino,
414 2166 569 2248 principe
578 2164 797 2243 Walliarum,
811 2166 967 2248 patibulo
976 2187 1052 2230 sus-

107 2285 234 2349 pensus
266 2272 320 2330 est
345 2285 461 2329 mense
486 2265 612 2348 Aprili,
644 2284 722 2328 cum
747 2285 856 2330 uxore
894 2266 981 2350 ejus,
1015 2274 1054 2332 ut

107 2365 296 2443 dicebatur,
311 2366 348 2429 in
362 2365 531 2430 adulterio
549 2365 792 2448 deprehensus,

158 2467 289 2531 Eodem
306 2472 484 2549 tempore„
496 2466 539 2530 ad
561 2465 776 2529 exactionem
799 2465 903 2547 regis,
922 2468 1055 2532 archie-

109 2567 252 2650 piscopi,
279 2566 442 2649 episcopi,
473 2567 616 2630 abbates
642 2572 678 2629 et
698 2567 829 2647 priores
853 2587 915 2649 per
930 2567 1055 2650 Angli-

69 2701 78 2726 -,
110 2687 166 2732 am
193 2674 303 2731 totam
331 2668 405 2749 regi
437 2667 545 2730 eidem
580 2666 761 2749 pecuniam
792 2665 959 2733 dederunt
985 2688 1055 2732 non

110 2769 292 2844 modicam,
320 2766 420 2850 quasi
450 2787 512 2849 per
544 2786 620 2829 eam
658 2767 838 2830 subtracta
870 2768 962 2849 patri
991 2788 1054 2831 suo

103 2868 186 2953 jura
217 2874 336 2951 posset
362 2887 524 2931 revocare
555 2866 591 2929 in
618 2866 774 2948 partibus
805 2866 1054 2932 transmarinis.

110 2968 213 3034 Cives
243 2967 477 3031 Londinenses
504 2987 568 3049 pro
596 2965 716 3029 eodem
746 2966 886 3046 negotio
909 2966 953 3029 ad
977 2968 1054 3029 red-

108 3069 316 3151 emptionem
344 3068 584 3149 gravissimam
609 3073 691 3131 sunt
713 3064 906 3147 compulsi;
939 3063 1054 3128 Judaei

108 3170 212 3233 etiam
240 3169 377 3234 tertiam
413 3174 546 3250 partem
577 3187 691 3229 rerum
722 3184 862 3228 suarum
892 3165 1055 3241 omnium,

109 3270 238 3334 vellent
256 3268 397 3345 nollent,
415 3269 667 3351 persolverunt.

201 3442 290 3523 Quod
302 3466 356 3510 reo
370 3444 544 3530 duplorum
559 3466 627 3509 cum
642 3445 774 3509 exercitu
791 3444 919 3508 transiit
936 3444 970 3506 v'u

474 3546 690 3610 Britanniam.

162 3671 241 3735 Rex
260 3669 454 3753 Anglorum
477 3669 652 3732 Henricus
677 3668 714 3730 in
734 3669 954 3732 solemnitate
972 3666 1057 3731 Pas·
1071 3683 1199 3734 Expeditior

1070 3736 1115 3774 into
1125 3735 1171 3773 Bri·

110 3772 201 3835 chali
238 3770 329 3854 apud
372 3768 570 3849 Radingum
610 3769 836 3851 congregavit
868 3769 1058 3832 exercitum
1071 3789 1145 3834 tanny.

146 3979 336 4029 ¹Medicntibae
356 3979 442 4029 ommia
463 3983 487 4026 et
510 3978 572 4026 otas
597 3979 635 4027 for
653 3978 695 4027 the
715 3984 791 4027 terms
814 3977 843 4026 of
856 3978 898 4026 the
916 3981 1007 4038 treaty,
1024 3977 1058 4025 ib.

108 4045 257 4118 religione]
276 4051 325 4100 For
336 4065 368 4102 an
380 4054 487 4098 account
493 4048 521 4097 oi
530 4049 571 4097 the
597 4064 623 4111 p.
635 4052 676 4097 21.

110 4127 239 4172 overtures
259 4121 313 4169 first
334 4120 407 4168 made
427 4119 466 4168 for
485 4133 574 4182 peace,
632 4115 791 4168 ²Willelmus
810 4119 838 4166 de
858 4110 988 4183 Bromia]
1012 4116 1059 4164 See

111 4208 154 4243 see
166 4191 303 4253 Raynaldi,
314 4192 341 4241 ii.
354 4206 379 4253 p.
390 4194 431 4254 13,
441 4205 503 4252 seq.;
522 4188 572 4237 and
598 4189 686 4249 above,
699 4203 726 4250 p.
739 4191 796 4251 173,
807 4191 870 4236 note.

163 4284 241 4331 VOL.
265 4283 314 4330 IV.
733 4308 737 4321 ·.
891 4275 911 4320 P
