2864 4866
447 395 587 445 snonss
609 395 879 446 nrsronmnuu.
1092 383 1138 447 79

186 557 305 640 ingere
324 556 494 641 potuisset
510 555 718 620 victualibus
743 555 942 632 destitutus,
966 575 1029 620 nec
1043 569 1135 639 'png-
1149 573 1202 613 an.
1215 574 1270 612 rar.

186 678 266 722 nam
279 656 394 723 facere
408 675 487 722 cum
507 655 658 720 Soldano
680 665 822 739 propter
840 656 954 719 lacum
975 656 1136 732 medinm,

186 757 277 822 inter
294 776 406 840 aquas
426 756 581 821 inclusus
602 756 694 820 sicut
712 755 818 838 piscis
838 754 904 819 reti
925 756 1135 834 includitur;

187 856 270 921 fecit
295 857 427 921 invitus
458 863 494 919 et
521 856 559 919 in
587 856 732 937 angaria
763 855 897 938 positus
924 862 1065 938 pactum
1093 856 1136 921 dc

186 956 361 1021 reddenda
379 955 543 1020 Damieta
564 954 729 1032 Soldano,
751 962 788 1018 et
813 955 961 1020 esclavis
979 955 1056 1039 ejus
1076 956 1136 1038 qui

186 1056 332 1121 inveniri
359 1062 521 1139 poterant
547 1054 584 1118 in
613 1053 708 1138 Tyro
736 1061 772 1118 et
794 1052 931 1132 Achon,
962 1075 1026 1138 pro
1053 1075 1137 1120 vera

186 1175 288 1221 cruce
299 1164 334 1221 et
350 1174 415 1238 pro
431 1155 578 1220 esclavis
595 1153 801 1218 Christianis
819 1173 1003 1237 regnorum
1020 1156 1136 1239 Baby-

188 1256 291 1320 loniae
305 1263 342 1321 et
356 1255 534 1320 Damasci.
586 1253 663 1319 Nos
679 1255 787 1336 igitur
802 1274 879 1318 cum
904 1255 982 1319 aliis
1004 1256 1136 1319 nuntiis

186 1355 231 1420 de
254 1356 427 1420 communi
453 1355 627 1438 legatione
655 1354 763 1419 totius
792 1355 966 1419 exercitus
992 1355 1135 1419 Damio·

187 1464 260 1520 tam
290 1455 473 1533 adivimus,
500 1454 630 1539 populo
653 1454 806 1519 civitatis
832 1456 1011 1536 pactiones
1036 1455 1135 1519 nobis

187 1556 363 1640 injunctas
404 1555 563 1620 omnibus
602 1553 836 1631 ostendentes,
866 1573 944 1637 quae
974 1553 1136 1636 episcopo

187 1654 399 1734 Achonensi,
434 1653 654 1732 cancellario,
692 1660 728 1719 et
757 1652 912 1718 Henrico
945 1654 1062 1718 comiti
1094 1654 1136 1717 de
1263 1646 1265 1651 ’

189 1755 315 1834 Malta,
345 1774 434 1840 quos
463 1754 591 1819 ibidem
616 1753 822 1830 invenimus
853 1755 1038 1836 plurimum
1066 1753 1136 1818 dis·

188 1855 600 1938 plicabant31voluerunt
623 1855 714 1917 enim
741 1853 917 1918 civitatem
943 1853 1136 1931 defendere,

188 1955 280 2038 quod
311 1974 375 2019 nos
396 1955 541 2020 multum
564 1955 833 2038 approbaremus
855 1954 886 2016 si
911 1953 1043 2017 utiliter
1064 1952 1137 2017 fieri

187 2056 372 2138 potuisset,
388 2054 569 2119 mallemus
592 2052 729 2137 quidem
752 2054 787 2116 in
810 2072 948 2116 carcere
970 2060 1136 2136 perpetuo

188 2154 336 2232 detrudi,
353 2173 457 2237 quam
473 2154 597 2218 civitas
620 2172 643 2217 a
665 2153 763 2217 nobis
785 2152 829 2217 ad
852 2152 1000 2217 dedecus
1017 2152 1135 2218 Chris-

188 2255 359 2319 tianitatis
382 2253 567 2318 incredulis
589 2252 813 2331 redderetur3
841 2252 914 2330 sed,
935 2253 1055 2318 habita
1075 2268 1139 2335 per

189 2355 364 2419 civitatem
392 2353 613 2434 indagatione
639 2353 758 2434 sagaci
782 2372 895 2416 rerum
920 2360 955 2417 et
973 2370 1137 2436 persona·

190 2475 278 2533 rum,
299 2473 362 2520 nec
379 2453 561 2536 pecuniam
583 2453 789 2518 invenerunt
810 2471 873 2518 nec
890 2461 1039 2534 gentem,
1063 2452 1139 2534 qui-

189 2554 255 2619 bus
285 2554 459 2619 civitatem
494 2550 677 2618 defendere
704 2553 910 2634 potuissent.
964 2552 1040 2617 Nos
1073 2553 1138 2615 ita·

189 2673 257 2736 que
281 2653 361 2717 lruic
390 2653 543 2738 pactioni
574 2651 835 2734 adquiescentes
860 2659 1078 2717 sacramento
1102 2658 1138 2715 et

189 2753 365 2819 obsidibus
398 2772 475 2818 cam
503 2751 727 2828 firmavimus,
756 2759 982 2835 treugamque
1003 2751 1136 2815 firmam

189 2862 269 2919 octo
283 2871 452 2935 annorum
465 2852 662 2917 statuimus.
708 2852 880 2918 Soldanus
899 2853 1006 2934 igitur
1027 2871 1137 2934 usquc

190 2953 234 3017 ad
265 2953 547 3036 compositionem
573 2952 700 3016 factam
735 2950 882 3016 fideliter
907 2952 1019 3016 tenuit
1044 2950 1136 3032 quod

189 3053 385 3137 spopondit,
405 3052 573 3117 exercitui
595 3058 713 3116 nostro
730 3050 888 3115 famelico
902 3071 965 3133 per
978 3051 1051 3114 dies
1066 3050 1136 3112 fere

189 3152 382 3235 quindecim
408 3171 533 3235 panem
552 3150 732 3215 conferens
756 3158 791 3214 et
814 3144 1015 3232 ¹polentam.
1061 3148 1137 3212 Vos

189 3273 273 3336 ergo
291 3253 420 3317 nostris
435 3250 581 3315 miseriis
598 3251 848 3333 compatientes
863 3250 960 3313 nobis
976 3250 1013 3313 in
1030 3267 1137 3332 quan-

190 3359 261 3417 tum
279 3351 437 3436 poteritis
454 3351 679 3416 subveniatis.
732 3349 883 3414 Valato!

217 3514 220 3519 ¹
288 3529 337 3593 Da
351 3527 517 3594 domandos
531 3536 559 3591 ot
573 3519 1045 3590 complementum.

235 3652 365 3718 Eodem
377 3671 468 3716 anno
484 3651 521 3714 in
534 3643 607 3714 ²die
624 3648 737 3713 sancti
749 3648 772 3711 J
775 3647 874 3712 acobi
892 3646 1041 3730 apostoli
1056 3665 1138 3709 oon·
1153 3665 1245 3707 aram

191 3760 359 3818 venerunt
386 3751 430 3815 ad
462 3751 637 3815 luctamen
669 3749 761 3830 apud
786 3747 955 3829 hospitale
982 3745 1139 3811 Matildis
1152 3718 1245 3757 ¹⁴⁰¹¹⁶⁰¹¹‘

190 3854 320 3936 regina
352 3859 454 3918 extra
482 3851 601 3913 urbem
635 3848 891 3912 Londoniarum
921 3847 1014 3910 cives
1045 3845 1139 3909 urbis

227 4047 394 4116 ¹Polenlom.]
417 4044 613 4101 ‘P-raebendam'
630 4050 657 4097 in
681 4048 710 4096 ol
723 4048 796 4106 July.
832 4046 956 4108 Compare
974 4045 1016 4094 the
1033 4049 1141 4094 account

192 4123 249 4174 ΜΒ.
682 4133 711 4167 as
729 4118 804 4179 given
824 4117 849 4164 in
871 4116 914 4165 the
934 4116 1026 4166 chron.
1045 4115 1139 4164 Dunst.

226 4189 297 4242 ²Die
309 4191 388 4241 suncti
399 4190 487 4240 Jacobi
496 4185 520 4258 ,·]
539 4191 581 4240 the
598 4189 658 4239 seth
682 4204 708 4251 p.
722 4191 779 4249 129,
788 4202 836 4250 seq.
