2864 4866
364 389 430 454 132
617 406 751 454 noouru
775 406 822 454 ou
845 404 1052 453 wunoovun

202 579 326 620 noluo
364 564 430 629 bus
458 564 494 628 in
518 571 571 629 tot
594 566 762 629 mortibus
790 560 896 646 longa
915 563 1098 628 videbatur
1119 582 1228 638 mora,
1251 564 1315 625 mi-

202 630 311 730 ῗῗῗῖιιῖἷι·
367 685 468 730 noros
494 672 686 730 castrorum
715 684 794 729 cum
826 665 1014 749 majoribus
1040 664 1085 728 ad
1110 665 1230 727 urbem
1262 664 1316 725 in-

367 765 561 831 vadendum
581 766 791 844 sollieitaut;
814 765 904 829 unde
924 785 1027 848 super
1046 771 1185 847 pontem
1206 783 1315 846 quen-

368 867 461 943 dam,
486 867 546 949 qui
572 867 665 930 ultra
696 866 879 930 Rodanum
908 865 1050 929 fluvium
1076 884 1114 928 se
1145 863 1315 940 extendit,

369 968 411 1032 ad
444 969 563 1031 urbem
593 972 692 1030 tanta
720 985 758 1029 se
787 972 997 1030 armatorum
1026 965 1126 1047 copia
1157 964 1316 1046 ingessit,

367 1066 461 1150 quod
488 1067 544 1132 vel
567 1085 588 1129 a
613 1066 757 1143 civibus,
781 1066 836 1131 vel
867 1067 970 1130 etiam
1003 1086 1075 1149 prae
1105 1064 1257 1148 pondere
1279 1064 1316 1127 in

368 1167 488 1232 eodem
520 1165 762 1250 pugnantium,
794 1186 882 1249 pons
916 1167 1047 1230 fractus
1084 1165 1317 1249 praecipitavit

367 1268 404 1330 in
431 1268 557 1333 flumen
583 1265 835 1348 rapidissimum
865 1266 909 1330 ad
937 1266 1005 1331 tria
1029 1265 1138 1330 millia
1166 1271 1318 1329 armato-

369 1388 457 1432 rum.
510 1365 603 1446 Quid
637 1369 751 1448 ergot
787 1366 870 1431 Vox
903 1373 938 1431 et
971 1366 1142 1431 exultatio
1176 1365 1315 1440 civium,

369 1468 467 1533 dolor
492 1474 528 1532 et
549 1466 705 1531 confusio
735 1467 774 1530 fit
799 1467 1023 1533 Francorum.
1084 1467 1184 1530 Tunc
1210 1466 1317 1545 cives

369 1569 445 1632 visa
465 1567 738 1651 opportunitate,
760 1567 841 1631 dum
864 1567 990 1632 Franci
1016 1567 1059 1631 ad
1084 1587 1238 1631 mensam
1261 1587 1316 1630 se-

369 1668 490 1732 dentes
522 1667 632 1751 opulis
665 1666 882 1732 intenderent
909 1675 944 1732 et
967 1667 1113 1751 poculiS,
1144 1668 1200 1732 die
1229 1689 1316 1751 quo-

369 1767 449 1832 dam
477 1768 638 1833 exierunt
666 1767 709 1832 de
738 1769 879 1833 civitate
908 1769 945 1832 in
971 1768 1173 1833 fortitudine
1203 1770 1315 1851 gravi,

369 1876 416 1948 et,
434 1869 527 1935 facto
547 1870 679 1952 impetu
701 1869 737 1932 in
759 1867 876 1934 hostes
897 1889 966 1934 non
984 1869 1255 1953 praemeditatos,
1274 1871 1318 1933 ad

369 1969 438 2035 duo
470 1969 586 2034 millia,
601 1989 646 2034 ex
672 1969 898 2052 Francigenis
923 1977 1153 2053 peremerunt,
1179 1978 1215 2035 et
1237 1972 1317 2034 abs-

369 2090 437 2155 que
459 2091 601 2136 suorum
627 2070 768 2135 laesione
792 2069 969 2136 civitatem
991 2071 1138 2153 ingressi
1159 2070 1247 2135 tales
1269 2072 1316 2134 ir-

368 2172 547 2255 ruptiones
564 2172 720 2235 iecerunt
734 2169 770 2234 in
788 2169 916 2235 hostes
961 2171 1012 2236 nt
1024 2191 1087 2235 rex
1104 2171 1316 2236 Francorum

369 2272 484 2336 animo
514 2270 616 2334 nimis
648 2277 890 2336 consternatus
918 2272 1025 2356 jussit
1050 2270 1251 2336 interfectos
1279 2273 1316 2336 in

369 2369 567 2448 Rodanum,
584 2377 727 2454 propter
742 2371 1009 2454 corruptionem,
1022 2373 1243 2455 praecipitari,
1257 2375 1317 2456 qui

368 2469 461 2534 aliud
489 2472 722 2536 coemeterium
747 2473 784 2535 in
804 2478 903 2536 tanta
926 2472 1133 2552 cadaverum
1159 2473 1317 2538 multitu-

368 2570 447 2635 dine
464 2590 533 2635 non
552 2571 736 2637 habebant.
790 2572 963 2637 Fecerunt
978 2580 1147 2656 praeterea
1166 2575 1258 2638 iuter
1279 2595 1317 2640 se

367 2678 403 2735 et
419 2672 538 2735 urbem
560 2671 728 2737 fossatum
754 2673 946 2755 spatiosum
970 2675 1055 2738 satis
1078 2681 1114 2738 et
1137 2674 1257 2753 altum,
1281 2683 1317 2740 et

366 2769 507 2854 insuper
522 2772 655 2838 obsidio
671 2793 693 2837 a
710 2772 854 2838 civitate
868 2774 1006 2856 longius
1024 2777 1216 2840 arcebatur.
1250 2775 1318 2841 Le-

367 2877 471 2952 gatos
495 2880 611 2936 autem
633 2881 669 2938 et
687 2874 798 2938 omnis
819 2873 943 2938 chorus
965 2874 1188 2957 praelatorum
1211 2877 1317 2940 comi-

367 2977 437 3035 tem
455 2971 692 3038 Tholosanum
716 2982 751 3039 et
773 2974 866 3039 cives
892 2993 970 3038 cum
999 2975 1160 3040 universo
1186 2977 1315 3059 populo

367 3072 529 3152 regionis,
547 3072 708 3138 vindictae
725 3093 835 3154 genus
856 3074 948 3138 aliud
965 3095 1035 3139 non
1054 3074 1232 3153 habentor,
1251 3079 1317 3140 sub

367 3171 587 3240 anathemate
604 3173 861 3239 concluserunt.

499 3350 548 3415 De
562 3358 657 3415 morte
673 3348 845 3426 Lodouioi,
860 3349 941 3434 repis
956 3349 1164 3423 Francorum.

206 3484 333 3575 ffipppn
417 3473 516 3543 Tunc
535 3474 753 3551 Lodowicus,
773 3495 836 3538 rex
857 3475 1081 3554 Francorum,
1099 3484 1139 3542 ut
1155 3480 1317 3562 pestilen-

335 3563 450 3639 'tiam
478 3574 655 3656 effugeret,
678 3595 756 3657 quae
791 3575 893 3640 nimis
920 3575 1076 3641 fervebat
1108 3579 1144 3642 in
1178 3583 1315 3658 castris,

366 3674 410 3737 ad
444 3675 619 3758 quandam
657 3675 844 3752 abbatiam,
880 3675 1127 3760 Muntpancier
1161 3683 1317 3764 appella-

366 3781 450 3852 tam,
468 3795 546 3858 quae
566 3795 635 3839 non
655 3776 801 3839 multum
825 3778 869 3841 ab
890 3777 1067 3842 obsidione
1091 3779 1256 3860 distabat,
1278 3803 1316 3848 so

365 3876 524 3954 contulit,
546 3875 655 3940 donec
684 3877 807 3940 civitas
842 3884 1043 3960 caperetur;
1074 3879 1133 3944 ubi
1152 3882 1248 3946 venit
1270 3885 1315 3948 ad

364 3994 443 4039 eum
467 3969 670 4054 Henrious,¹
696 3996 811 4042 comos
838 3977 1112 4061 campaniensis,
1135 4001 1213 4045 cum
1239 3983 1315 4068 Jam

399 4145 553 4215 ¹Henri'cus,
572 4168 649 4203 omnes
667 4153 827 4218 Campuniea·
852 4155 1174 4208 thistimewus'l'heobeld
1181 4159 1247 4224 VI.;
1263 4165 1318 4214 An.

361 4215 418 4290 aia]
436 4223 490 4273 The
507 4224 560 4274 eorl
577 4224 607 4273 of
620 4223 786 4287 champagne
798 4230 825 4275 at
851 4225 922 4286 sulm,
935 4227 964 4277 ii.
976 4241 1003 4288 p.
1015 4230 1073 4277 84⁰.
