2864 4866
352 417 419 484 278
609 431 745 481 uocum
768 432 815 479 nn
837 431 1044 482 wnunovun

359 668 451 744 Quod
463 668 581 734 muloti
596 667 776 734 iacuerunt
791 667 956 733 accercitum
971 666 1052 753 repis
1066 665 1191 753 Acylla
1207 665 1297 751 opud

748 769 923 833 Grosmunt.

196 910 252 951 nn
264 908 319 946 12³³
409 891 511 958 Circa
532 895 669 960 eosdem
694 895 799 958 etiam
818 892 1007 972 diesjtum
1032 911 1095 958 rex
1112 889 1307 972 Anglorum

197 963 243 1001 The
251 959 304 1006 king

199 1009 296 1051 defeated

196 1062 266 1100 before

358 994 450 1081 apud
461 993 684 1060 Glovemiam
699 995 877 1077 copiosum
890 993 1088 1075 collegisset
1102 991 1307 1069 exercitum,

197 1113 320 1153 Grosmunt
358 1114 478 1159 versus
495 1094 762 1164 Herefordiam
752 1115 788 1159 m
797 1093 936 1160 Walliis
953 1092 1107 1174 legiones
1122 1091 1305 1175 promovit,

358 1203 394 1259 et
418 1195 498 1257 inde
525 1196 684 1259 terram
675 1214 852 1277 regressus
883 1193 1093 1269 Maresoalli,
1122 1191 1205 1256 ad
1196 1192 1307 1275 1psius

359 1280 671 1359 exhaeredationem
709 1302 744 1360 et
775 1296 929 1378 corporis
964 1294 1156 1377 captionem
1196 1293 1307 1356 modis

359 1394 516 1458 omnibus
535 1394 730 1460 anhelabat.
782 1395 850 1459 Sed
872 1395 1003 1472 ille,ut
989 1394 1168 1459 tbellator
1190 1394 1307 1476 provi-

359 1495 436 1570 dus,
464 1500 545 1558 ante
570 1494 662 1576 regis
687 1496 875 1561 adventum
903 1502 1059 1558 armenta
1083 1494 1308 1558 subtraxerat

360 1602 395 1658 et
412 1594 588 1673 victualia,
611 1597 702 1660 unde
725 1616 802 1674 rex,
823 1616 886 1679 pro
908 1595 1148 1659 alimentorum
1172 1593 1308 1658 defectu

359 1714 490 1759 moram
512 1696 560 1759 ibi
585 1696 698 1760 facere
723 1717 793 1761 nou
813 1696 946 1772 valens,
973 1689 1033 1758 ¹ad
1061 1694 1241 1759 castellum
1264 1693 1308 1759 de

361 1794 551 1860 Grosmunt
572 1817 652 1860 oum
681 1797 835 1861 exercitu
859 1816 923 1860 suo
949 1795 1113 1876 divertit;
1143 1795 1201 1858 ubi
1229 1809 1308 1860 cum

360 1915 422 1978 per
444 1895 517 1959 dies
535 1896 669 1979 aliquot
691 1916 823 1962 moram
848 1895 1090 1980 protraxisset,
1118 1894 1309 1959 Maresoal·

360 1996 416 2060 lus
433 2003 467 2060 et
483 1997 558 2080 ejus
574 1997 798 2062 confoederati
814 2016 891 2061 cum
906 1995 1108 2079 proscriptis
1123 1995 1167 2058 ab
1179 1993 1312 2076 Anglia

362 2104 396 2161 et
420 2096 584 2174 exulatis,
614 2098 728 2161 missis
757 2096 1047 2180 exploratoribus,
1074 2104 1311 2177 cognoverunt

363 2216 481 2278 regem
497 2197 588 2261 infra
611 2197 744 2267 castelli
766 2197 932 2261 ambitum
954 2203 1170 2280 pernoctare,
1188 2203 1224 2260 et
1237 2216 1312 2260 ma·

359 2296 471 2379 jorem
496 2305 630 2380 partem
654 2298 827 2362 exercitus
853 2304 954 2361 extra
973 2298 1008 2360 in
1029 2298 1187 2361 tentoriis
1208 2316 1311 2360 excu-

362 2397 438 2460 bias
466 2396 650 2462 celebrare.
695 2398 796 2462 Tunc
822 2398 932 2462 omnis
961 2396 1158 2474 multitudo,
1185 2404 1313 2479 praeter

365 2495 618 2573 M'arescallum
652 2499 711 2581 qui
739 2517 855 2579 regem
888 2497 1053 2561 invadere
1083 2497 1205 2574 noluit,
1233 2517 1312 2561 cum

364 2596 599 2661 Wallensibus
624 2605 659 2661 et
677 2599 832 2663 exercitu
858 2597 1011 2680 copioso,
1037 2589 1091 2659 ²in
1119 2597 1175 2661 die
1198 2598 1312 2663 sancti

366 2695 512 2760 Martini
537 2698 690 2780 episcopi
713 2705 793 2781 post
821 2698 1061 2779 crepusculum
1084 2696 1168 2761 illuc
1188 2717 1314 2781 prope·

366 2802 495 2874 rantes,
511 2803 546 2861 et
557 2798 647 2875 illos
666 2799 774 2880 quiin
793 2798 949 2862 tentoriis
967 2796 1121 2881 soporati
1136 2797 1314 2881 jacebant,

365 2897 582 2975 invadentes
603 2918 711 2980 equos
732 2898 916 2981 plusquam
934 2898 1141 2981 quingentos
1156 2916 1235 2962 cum
1251 2899 1313 2964 cli·

365 2996 457 3061 tellis
466 3004 501 3061 et
510 2997 630 3080 spoliis
645 3017 685 3063 ao
701 2998 907 3081 supellectili
918 2999 1080 3064 universa
1090 3007 1315 3081 occuparunt,

365 3097 576 3180 fugientibus
592 3099 726 3163 caeteris
744 3099 815 3163 fere
830 3099 932 3163 nudis
946 3119 1014 3182 quo
1029 3099 1179 3182 impetus
1194 3119 1313 3182 quem·

366 3217 434 3280 que
446 3198 595 3262 ducebat
607 3218 616 3278 3
633 3218 695 3262 nec
707 3218 752 3263 ex
764 3199 813 3262 eis
825 3218 1020 3281 quenquam
1031 3198 1156 3263 laedere
1165 3200 1221 3264 vel
1234 3220 1315 3284 oap-

366 3304 440 3361 tum
458 3298 628 3362 abducere
643 3298 827 3363 voluerunt
841 3299 989 3363 victores
1006 3296 1070 3376 illi,
1087 3307 1213 3381 praeter
1228 3300 1315 3364 duos

366 3397 505 3476 milites
523 3399 642 3481 quiex
659 3399 817 3463 omnibus
832 3397 1004 3462 interfecti
1018 3398 1166 3463 fuerunt.
1206 3398 1315 3483 Cepe-

366 3504 449 3561 runt
476 3518 560 3580 ergo
583 3499 683 3580 bigas
706 3506 741 3562 et
762 3498 921 3564 vehicula
945 3506 1083 3576 cuncta,
1105 3499 1230 3581 quibus
1254 3519 1314 3583 pe-

367 3598 469 3661 cunia
484 3605 519 3661 et
536 3599 702 3663 victualia
716 3597 913 3662 ferebantur
937 3606 973 3662 et
993 3619 1100 3677 arma,
1119 3605 1225 3682 atque
1242 3619 1316 3664 sar·

367 3697 454 3761 cinis
468 3698 556 3761 bene
575 3698 752 3781 dispositis
768 3698 811 3762 ad
829 3706 904 3763 tuta
919 3698 1065 3762 latibula
1079 3705 1161 3762 sunt
1173 3702 1314 3765 reversi.

369 3795 488 3881 Hujus
510 3805 624 3862 autem
650 3799 700 3862 rei
724 3805 831 3864 testes
853 3805 933 3862 sunt
952 3798 1078 3863 Petrus
1096 3796 1316 3864 Wintonien·

368 3897 428 3974 sis,
446 3896 653 3980 Radulphus
678 3898 918 3978 cicestrensis,
939 3899 1104 3983 episcopi,
1119 3898 1316 3982 Stephanus

368 3997 410 4060 de
427 3997 593 4079 Segrave,
610 4000 700 4082 regis
711 3999 937 4084 justiciarius
953 3999 1079 4064 Petrus
1096 4000 1139 4063 de
1155 3999 1319 4082 Rivallis‚

405 4175 412 4205 ¹
422 4172 464 4223 Aa
476 4176 600 4225 castellam
611 4177 639 4224 de
650 4177 833 4226 Grosmunt...
894 4174 942 4226 'In
949 4176 989 4226 die
994 4177 1072 4226 eructi
1079 4175 1307 4243 Martiuiqriscopr.
1292 4178 1321 4244 ]

369 4240 498 4314 divertit]
518 4245 611 4297 Chron.
624 4247 717 4297 Dunst.
730 4263 756 4310 p.
768 4251 826 4298 219.
860 4247 918 4297 llth
930 4247 959 4313 ol
967 4248 1120 4299 November.
