2864 4866
195 582 251 622 Am.
261 580 317 620 1227.

195 633 240 672 The
249 631 313 681 patri·

196 744 222 772 on
232 734 269 772 the

195 784 290 824 crusade.

356 391 421 457 146
611 406 744 454 socrui
768 406 815 452 on
838 404 1047 453 wunnovsn

335 567 557 650 'apostolicae
578 568 669 631 sedis
690 567 827 646 legatus
851 563 892 629 P.
912 562 1148 639 Caesariensis,
1165 561 1212 626 N.
1232 560 1307 625 Na·

195 683 261 723 arch’s
269 683 333 722 letter
357 668 521 745 zarensis,
549 675 584 731 et
616 666 664 731 N.
690 665 938 738 Narbonensis,
968 663 1230 745 archiepiscopi,
1263 662 1306 725 P.

356 768 607 833 Wintoniensis
629 774 665 831 et
684 765 743 830 W.
757 763 966 830 Exoniensis
989 764 1154 847 episcopi,
1172 762 1305 844 Hospi-

356 868 438 933 talis
464 869 576 933 sancti
598 867 620 932 J
624 867 782 943 ohannis,
803 866 924 930 domus
951 865 1083 928 militiae
1108 863 1306 951 Templi'et

358 967 555 1051 Hospitalis
578 966 860 1042 Teutonicorum,
882 965 1053 1046 magistri,
1065 965 1222 1029 omnihus
1242 963 1306 1026 has

355 1068 475 1133 literas
492 1069 698 1151 inspecturis
720 1068 757 1130 in
774 1064 924 1134 Domino
941 1065 965 1129 J
967 1085 1029 1129 esu
1049 1064 1188 1130 Christo
1211 1063 1306 1126 salu·

356 1175 435 1234 tem.
489 1168 718 1232 Universitati
742 1174 867 1231 vestrae
886 1166 1127 1229 necessitatem
1150 1171 1305 1228 nostram

355 1269 654 1344 instantissimam,
670 1275 706 1332 et
721 1266 744 1331 J
747 1286 808 1330 esu
827 1265 969 1342 Christi,
983 1266 1042 1347 qui
1055 1285 1118 1347 pro
1135 1264 1305 1329 universis

357 1367 514 1433 fidelibus
542 1368 746 1450 sanguinem
774 1386 875 1431 suum
892 1365 993 1442 fudit,
1010 1366 1199 1447 negotium,
1212 1364 1307 1446 cogi-

313 1493 316 1499 ·
357 1488 435 1532 mur
450 1470 622 1532 intimare.
676 1467 759 1532 Non
775 1467 866 1531 enim
883 1467 1013 1549 absque
1026 1466 1219 1529 intimantis
1237 1466 1306 1528 ser·

359 3676 490 3733 sanctae
511 3669 683 3734 videretur
700 3672 816 3753 potius
830 3670 993 3753 expedire
1008 3690 1016 3749 ;
1041 3669 1158 3751 sicque
1172 3671 1312 3750 accidit,

355 1589 438 1634 vore
454 1588 495 1633 ac
512 1567 694 1650 multiplici
714 1566 968 1652 lachrymarum
990 1566 1154 1631 effusione
1168 1566 1306 1642 accidit,

356 1669 459 1752 quod,
482 1668 579 1756 sicut*
593 1669 816 1750 sperabamus
831 1667 1069 1743 communiter,
1088 1667 1124 1731 in
1141 1666 1305 1749 passagio

355 1768 510 1851 Augusti
521 1789 631 1851 nuper
642 1769 820 1852 praeteriti,
835 1768 1073 1832 serenissimus
1082 1767 1137 1831 vir
1147 1766 1306 1830 dominus

356 1863 566 1952 imperator,l
578 1876 618 1933 ut
627 1869 844 1952 promiserat,
855 1869 892 1931 in
906 1867 1041 1950 Syriam
1052 1887 1121 1931 non
1133 1868 1306 1931 transivit.

357 1969 437 2048 Quo
465 1970 596 2047 audito,
623 1970 674 2032 illi
694 1970 754 2052 qui
772 1969 847 2052 jam
871 1969 1057 2032 adventum
1075 1967 1151 2051 ejus
1174 1987 1307 2049 praeve-

357 2077 480 2133 nerant
510 2069 682 2153 peregrini
705 2069 741 2131 in
769 2068 898 2132 eisdem
921 2069 1089 2150 partibuS,
1114 2067 1308 2144 audienteS,

356 2169 448 2252 quod
472 2170 585 2234 dictus
609 2170 797 2252 imperator
819 2188 888 2232 uon
916 2175 1059 2232 venerat
1083 2167 1119 2231 in
1142 2168 1308 2249 passagio

356 2276 558 2347 memorato,
591 2269 668 2352 plus
697 2288 800 2351 quam
827 2268 1057 2350 quadraginta
1083 2265 1191 2348 millia
1215 2269 1307 2331 viro·

358 2389 433 2432 rum
453 2369 594 2433 fortium
613 2369 649 2431 in
669 2368 797 2432 eisdem
813 2368 972 2444 navibus,
994 2369 1030 2431 in
1053 2368 1177 2449 quibus
1194 2374 1308 2431 trans·

357 2469 481 2545 ierant,
499 2469 685 2544 redierunt,
708 2469 820 2550 magis
837 2470 874 2532 in
897 2467 1034 2532 homine
1053 2487 1157 2550 quam
1179 2468 1216 2530 in
1233 2468 1308 2532 Do-

358 2569 450 2632 mino
473 2567 694 2632 confidentes
740 2569 796 2632 Ibi
815 2576 931 2632 tamen
953 2573 1035 2651 post
1056 2586 1174 2631 eorum
1193 2587 1308 2633 reces-

358 2687 435 2731 sum
452 2669 642 2749 octingenti
658 2669 729 2733 sere
750 2668 876 2732 milites
892 2674 1141 2745 remanserunt,
1157 2668 1309 2733 claman-

359 2775 411 2832 tes
435 2769 640 2832 unanimiter
658 2776 693 2832 et
713 2768 877 2844 dicentes,
894 2767 984 2832 ‘Vel
1007 2775 1149 2849 treugas
1166 2788 1307 2851 rumpa-

358 2888 447 2944 mus,
468 2869 523 2932 vel
549 2865 776 2933 communiter
798 2868 998 2933 recedamus
1009 2868 1030 2948 3’
1059 2868 1207 2951 quinon
1234 2869 1310 2933 sine

359 2988 486 3050 magna
500 2967 701 3033 difficultate
721 2969 851 3033 detenti
873 2969 939 3032 hac
961 2969 1140 3032 occasione
1157 2970 1309 3046 fuerunt,

358 3070 441 3151 quia
458 3068 511 3133 vir
533 3069 658 3133 nobilis
681 3069 753 3132 dux
779 3068 821 3132 de
845 3068 1041 3149 Lemburgo
1064 3088 1108 3132 ex
1125 3075 1224 3151 parte
1248 3069 1309 3133 do-

358 3169 442 3233 mini
482 3169 699 3251 imperatoris
744 3179 820 3233 erat
858 3168 1024 3232 exercitui
1063 3168 1309 3251 praeferendus

360 3269 493 3332 Habito
523 3268 630 3350 igitur
661 3268 806 3332 concilio
835 3268 989 3332 virorum
1013 3268 1245 3350 prudentium,
1274 3279 1309 3335 et

358 3370 532 3452 praecipue
559 3369 681 3433 domus
705 3368 902 3452 Hospitalis
925 3376 960 3432 et
984 3366 1120 3451 Templi
1148 3388 1189 3433 ac
1214 3368 1310 3435 Hos·

358 3470 475 3551 pitalis
491 3468 773 3546 Alamannorum,
795 3470 838 3535 de
861 3476 984 3550 treuga
1005 3469 1206 3551 rumpenda,
1223 3491 1312 3552 prae-

359 3567 452 3633 fatus
483 3569 555 3633 dux
586 3570 714 3634 laceret
744 3570 836 3653 quod
862 3568 1117 3633 christianitati
1145 3589 1186 3633 ae
1209 3577 1311 3636 terrae

1222 3798 1311 3807 ...-

396 3861 565 3929 ¹Imperator.]
582 3865 659 3926 Upon
667 3865 709 3913 the
718 3877 821 3913 reasons
846 3864 968 3926 sanutus,
978 3881 1005 3927 p.
1017 3868 1076 3914 211.
1101 3865 1188 3916 Fuller
1198 3865 1245 3916 has
1257 3868 1312 3918 also

359 3934 458 3996 alleged
470 3935 508 3983 ior
517 3935 559 3984 the
569 3930 702 3996 emperor's
710 3934 786 3996 delay
795 3935 821 3982 in
845 3940 897 3984 two
909 3935 1026 3996 chapters
1044 3950 1112 3996 upon
1126 3935 1169 3985 the
1180 3935 1311 3987 character

359 4003 478 4065 lullilling
496 4004 536 4054 his
553 4005 671 4067 promise,
688 4019 730 4053 see
746 4004 820 4055 Guil.
845 4005 874 4053 of
882 4005 1000 4054 Frederic
1012 4005 1062 4054 aud
1079 4005 1119 4054 his
1136 4008 1237 4068 quanel
1248 4009 1312 4058 with

360 4073 421 4135 Tyr.
447 4074 594 4125 Continuat.
613 4076 640 4123 in
661 4075 777 4124 Martene
795 4079 822 4125 et
845 4075 888 4125 the
898 4088 982 4138 pope;
1001 4075 1174 4140 HolyWarre,
1184 4078 1223 4128 iii.
1235 4075 1260 4144 §§
1270 4083 1316 4143 29,

360 4143 550 4195 Durand.Vett.
558 4145 661 4206 Scriptt.
670 4160 695 4194 v.
706 4143 821 4205 col.697;
847 4150 886 4196 30.

360 4213 487 4275 Raynald.
498 4215 531 4265 ad
544 4230 585 4265 au.
599 4218 671 4276 122⁷,
683 4211 696 4279 ξ
708 4218 757 4276 273
771 4215 821 4264 and
