2864 4866
328 401 395 466 206
587 420 721 468 noounr
745 421 791 468 ou
816 420 1022 469 wunnovnn

488 650 537 714 Da
551 650 687 736 quodam·
689 652 879 736 feneratore
894 651 973 717 male
988 660 1116 715 mortuo.

166 791 187 880 ὓ
195 791 222 831 1>-
223 793 289 882 hiaaa.
381 777 467 840 Erat
489 777 554 841 hoe
577 785 730 859 tempore
756 777 793 839 in
818 777 941 840 minori
962 777 1146 841 Britannia
1172 777 1280 840 soene-

167 844 286 933 aiiiuiir.
329 885 426 940 rator
457 876 610 958 quidam,
636 877 696 959 qui
721 877 904 959 pecuniam
930 896 1029 941 suam
1054 877 1208 940 tribuens
1234 878 1278 940 ad

331 995 471 1040 usuram
492 976 697 1039 immensum
715 996 931 1040 nummorum
946 977 1172 1057 congregavit
1187 996 1282 1040 acer·

329 1096 423 1140 vum.
475 1074 559 1153 Hic,
580 1095 658 1140 cum
680 1076 858 1140 multoties
883 1077 1111 1159 abepiscopo
1136 1076 1204 1139 loci
1228 1078 1280 1139 in-

330 1183 541 1261 creparetur,
562 1176 655 1259 quod
680 1195 750 1239 non
773 1174 900 1240 licebat
920 1175 985 1238 sibi
1011 1175 1054 1238 de
1071 1176 1185 1239 usuris
1208 1196 1278 1239 rem

330 1294 470 1356 augere,
492 1276 605 1339 noluit
630 1275 748 1339 audire
772 1269 983 1358 episcopum,
1006 1275 1078 1352 sed,
1105 1276 1186 1339 licet
1210 1296 1278 1340 non

330 1384 436 1453 recte,
451 1384 612 1440 strenuus
630 1395 702 1439 rem
719 1376 894 1457 augebat3
919 1394 1065 1456 cumque
1081 1375 1221 1439 tandem
1235 1379 1279 1439 ab

330 1476 492 1558 episeopo
521 1475 766 1557 incorrigibilis
791 1475 978 1553 videretur,
1004 1476 1281 1539 excommunica-

329 1575 381 1638 vit
396 1595 473 1638 eum
497 1581 532 1639 et
550 1576 593 1638 ab
620 1576 756 1639 unitate
779 1574 932 1639 fidelium
954 1577 1164 1656 segregavit,
1185 1576 1276 1659 quod

328 1673 387 1737 ille
426 1673 679 1757 parvipendens
712 1675 1033 1739 excommunicatus
1068 1694 1137 1738 non
1168 1676 1278 1739 multo

328 1781 409 1856 post
438 1774 546 1838 vitam
572 1774 813 1839 miserabiliter
838 1775 1047 1839 terminavit.
1100 1773 1180 1852 Quo
1204 1775 1278 1838 sine

328 1873 456 1938 viatico
479 1882 515 1938 et
530 1874 746 1940 consessione
768 1874 942 1951 defuncto,
965 1893 1056 1937 uxor
1075 1873 1150 1957 ejus
1169 1881 1205 1938 et
1217 1874 1279 1937 filii

328 1981 498 2038 venerunt
514 1973 558 2037 ad
579 1975 818 2057 presbyterum
834 1973 939 2050 villae,
959 1981 1123 2054 rogantes
1144 1980 1183 2037 ut
1203 1993 1279 2037 cor·

327 2091 394 2154 pus
411 2073 564 2137 defuncti
588 2092 683 2137 more
705 2072 939 2136 ecclesiastico
964 2073 1149 2155 sepeliret3
1183 2092 1279 2157 pres-

327 2173 427 2254 byter
448 2179 564 2236 autem
588 2172 654 2235 hoc
681 2172 794 2236 facero
821 2172 1006 2248 recusavit,
1034 2192 1076 2235 eo
1097 2172 1191 2254 quod
1219 2193 1280 2236 ex-

328 2272 602 2336 communicatus
632 2271 793 2349 decessit,
818 2272 1023 2354 praecipiens
1052 2279 1092 2335 ut
1119 2270 1155 2334 in
1185 2273 1279 2336 bivio

329 2378 432 2436 extra
452 2371 570 2435 villam
594 2372 780 2453 sepelirent
805 2391 892 2434 eum.
946 2370 1049 2434 Uxor
1075 2377 1191 2434 autem
1223 2371 1282 2435 de-

330 2469 440 2534 functi
460 2470 525 2534 hoc
551 2471 696 2534 audiens
718 2471 815 2535 venit
838 2470 881 2534 ad
906 2470 1066 2534 comitem
1087 2490 1166 2534 cnm
1189 2470 1281 2545 filiis,

330 2570 577 2651 querimoniam
595 2589 709 2642 coram
726 2590 767 2634 eo
783 2570 970 2653 deponens
992 2570 1083 2652 quod
1104 2572 1284 2656 presbyter

330 2669 389 2732 ille
411 2669 658 2751 parochianum
674 2669 873 2734 defunctum
890 2670 1003 2733 noluit
1020 2670 1177 2752 sepelire,
1200 2689 1283 2734 cau·

331 2787 405 2830 sam
421 2769 580 2846 reticens,
595 2768 687 2852 quod
706 2769 1023 2832 excommunicatus
1038 2769 1191 2833 obiisset.
1230 2768 1281 2834 At

224 2918 228 2927 .
330 2886 444 2931 comes
467 2875 588 2932 contra
606 2870 845 2952 presbyterum
867 2869 1012 2932 inirem
1034 2887 1156 2932 versus
1174 2869 1281 2953 jussit

329 2966 496 3031 ministris
513 2968 597 3044 suis,
613 2974 655 3031 ut
664 2975 786 3032 euntes
802 2968 847 3032 ad
861 2969 1100 3050 presbyterum
1116 2988 1162 3032 ex
1179 2976 1279 3051 parte

330 3084 395 3129 sua
423 3067 662 3149 praeciperent,
691 3074 862 3149 quatenus
891 3074 1065 3130 mortuum
1094 3067 1278 3150 sepeliret3

329 3164 422 3245 quod
444 3166 474 3230 si
496 3165 609 3231 faeere
631 3166 893 3243 contradiceret,
919 3166 1032 3249 ipsum
1058 3165 1177 3231 vivum
1200 3187 1279 3230 cum

329 3271 465 3330 mortuo
497 3265 682 3348 sepelirent
711 3265 871 3347 ligatum.
932 3265 1012 3330 Hoc
1039 3284 1117 3330 cum
1150 3266 1280 3330 factum

328 3371 431 3440 esset,
458 3384 576 3429 omnes
598 3365 750 3449 episcopi
772 3366 964 3429 Britanniae
982 3366 1097 3448 ipsum
1120 3366 1279 3430 comitem

329 3463 394 3525 sub
415 3464 636 3528 anathemato
658 3464 920 3543 concluserunt3
949 3465 1040 3528 unde
1061 3467 1205 3529 suborta
1226 3465 1280 3527 in-

331 3567 384 3624 ter
405 3582 464 3626 eos
493 3562 677 3640 discordia,
704 3564 856 3648 episcopi
885 3564 935 3626 illi
962 3583 984 3627 a
1007 3565 1132 3627 comite
1160 3583 1279 3628 omnes

329 3660 365 3722 in
396 3662 537 3726 exilium
563 3669 647 3726 suut
670 3664 820 3745 expulsi,
844 3670 880 3727 et
904 3682 1019 3728 comes
1044 3664 1279 3727 excommuni-

330 3766 428 3822 catus
447 3760 621 3840 remansit,
644 3762 752 3825 donee
774 3763 947 3827 sententia
968 3762 1231 3827 confirmaretur
1257 3782 1279 3826 a

329 3877 432 3940 papa.
