2864 4866
368 404 509 457 anonas
531 402 802 452 nrsronrnauu.
985 386 1048 452 331

106 561 252 645 proiecti
280 562 566 644 praedicaverunt,
591 561 719 643 ubique
745 559 897 625 Domino
927 581 1051 644 coope-
1065 580 1189 620 noua.

106 669 205 725 rante
223 668 258 727 et
274 681 464 726 sermonem
484 660 708 726 confirmante
735 661 959 745 sequentibus
981 663 1052 743 sig-

106 761 186 841 nis;
218 761 411 826 habuerunt
440 759 609 843 siquidem
639 780 686 838 ex
715 761 879 824 mandato
911 768 1052 843 aposto·

107 860 174 924 lico
196 861 449 942 provinciamm
473 859 733 924 archidiaconos
756 867 791 924 et
808 860 969 936 decanos,
992 862 1052 943 qui

107 960 144 1023 iu
166 958 252 1023 locis
279 961 425 1042 singulis
451 959 694 1044 parochianos,
710 959 805 1025 viros
827 967 863 1023 et
879 960 1053 1036 mulieres,

108 1059 291 1123 convenire
317 1060 485 1137 feceruut,
506 1060 558 1124 ita
574 1067 614 1124 ut
628 1059 745 1123 nuilus
767 1065 970 1135 remaneret,
988 1058 1052 1122 sub

107 1178 214 1240 poena
238 1158 480 1237 anathematis
502 1160 587 1243 quin
606 1178 725 1222 eorum
751 1157 1053 1241 praedicationibus

109 1258 299 1322 interesset.

291 1425 489 1492 Miracalam
505 1427 542 1491 da
558 1427 685 1493 muliare
699 1438 865 1494 contractu.

160 1553 317 1634 Contigit
334 1561 450 1616 autem
468 1552 533 1615 hoc
551 1570 656 1627 anno,
672 1552 777 1615 tertio
793 1553 872 1616 idus
890 1553 913 1617 J
915 1554 1001 1631 unii,
1018 1555 1054 1617 in
1065 1576 1158 1627 pagena.

110 1654 195 1719 villa
210 1653 252 1716 de
270 1652 384 1729 Clare,
403 1652 461 1715 ubi
483 1652 649 1733 magister
665 1650 826 1732 Rogerus
843 1653 886 1716 de
902 1647 1056 1731 ¹Lawes,

112 1754 218 1818 frater
240 1753 381 1836 quidam
407 1752 449 1815 de
475 1752 593 1816 ordine
620 1751 805 1829 ulmorum,
832 1773 895 1834 pro
917 1753 1056 1835 negotio

112 1854 223 1918 crucis
250 1852 469 1934 evangelium
500 1853 536 1915 in
562 1850 747 1914 Dominica
774 1852 987 1934 praedicavit,
1017 1860 1057 1917 ut

112 1953 233 2016 mulier
246 1952 405 2036 quaedam
422 1952 515 2015 omni
535 1951 764 2015 membrorum
781 1950 893 2016 officio
903 1953 978 2036 jam
995 1971 1058 2033 per

113 2053 296 2116 triennium
318 2052 498 2129 destituta,
515 2069 656 2132 poenam
678 2057 835 2115 metuens
858 2071 1057 2115 excommu-

112 2151 308 2229 nicationis,
323 2171 471 2234 paucum
485 2150 578 2234 quod
591 2150 712 2214 habuit
726 2157 907 2233 argentum
920 2151 1058 2215 cuidam

113 2253 188 2316 viro
203 2252 269 2315 sibi
279 2252 400 2316 ¹vicino
418 2251 577 2328 contulit,
593 2250 653 2334 qui
672 2269 748 2314 eam
766 2250 802 2313 in
819 2250 969 2315 humeris
985 2252 1058 2315 suis

113 2351 156 2414 ad
183 2351 296 2415 locum
322 2350 578 2433 praedicationis
606 2356 781 2432 portaret3
811 2351 871 2414 ubi
896 2370 974 2414 cum
997 2371 1057 2433 ge-

49 2502 57 2517 .
113 2469 209 2515 mens
227 2451 360 2535 Jaoeret
377 2457 413 2514 et
427 2450 551 2531 lugens
573 2468 752 2533 quousque
769 2450 823 2515 vir
843 2450 911 2515 Dei
932 2450 1058 2533 praedi·

114 2551 283 2615 cntionem
302 2549 556 2631 complevisset,
571 2557 686 2613 motus
703 2552 940 2632 compassione
955 2570 1059 2632 super

115 2651 298 2732 gemitibus
325 2649 490 2726 mulieris,
512 2668 617 2731 quam
639 2650 814 2731 lugentem
836 2650 953 2734 jacere
974 2669 1057 2713 con-

115 2752 242 2833 spexit,
268 2749 414 2813 accessit
437 2748 481 2812 ad
505 2768 580 2812 eam
603 2755 709 2832 atque
735 2768 875 2812 oausam
903 2748 947 2812 ad
975 2749 1058 2832 quid

115 2850 197 2913 illuc
211 2849 363 2914 venisset
377 2848 568 2932 inquisivit.
614 2847 703 2926 Quae
717 2868 796 2911 cum
811 2847 953 2925 diceret,
967 2849 1059 2931 quod

115 2956 209 3012 metu
230 2948 593 3013 excommunicationis
610 2947 654 3011 ad
671 2948 784 3011 locum
805 2948 1061 3029 praedicationisr

116 3049 232 3112 delata
249 3049 383 3124 fuisset,
399 3048 565 3130 praecepit
582 3055 622 3112 ut
643 3048 709 3112 iret
729 3048 767 3111 in
790 3048 928 3111 domum
948 3067 1060 3124 suam,

117 3149 272 3212 nesciens
293 3146 385 3230 quod
406 3147 567 3211 membris
589 3149 747 3211 omnibus
772 3156 865 3213 esset
879 3148 1059 3212 dissoluta.

117 3248 185 3312 Sed
209 3268 287 3312 cum
311 3247 489 3312 adstantes
507 3248 610 3313 vicini
632 3247 708 3330 ejus
726 3255 946 3324 testarentur,
967 3248 1059 3330 quod

117 3350 269 3415 omnium
292 3355 367 3412 erat
386 3366 451 3411 usu
468 3348 697 3412 membrorum
715 3348 790 3430 jam
816 3348 935 3429 elapso
955 3347 1059 3409 trien-

117 3450 175 3513 nio
202 3450 351 3531 privata,
372 3448 611 3529 interrogabat
627 3447 656 3510 si
679 3447 833 3510 crederet
847 3446 939 3529 quod
962 3446 1060 3510 Deus

118 3556 242 3631 potens
265 3555 341 3612 erat
355 3555 395 3612 ut
410 3549 487 3624 sibi,
506 3549 536 3611 si
551 3547 667 3623 vellet,
684 3546 842 3611 redderet
856 3547 1061 3625 sanitatem

118 3651 174 3712 cui
199 3650 272 3726 illa,
297 3647 444 3725 ‘Credo,
462 3646 622 3710 domine?
673 3645 773 3710 Tunc
789 3647 843 3710 vir
858 3646 926 3710 Dei
946 3648 1063 3710 mulie-

119 3769 191 3812 rem
217 3742 309 3813 inter
324 3747 466 3812 brachia
486 3747 717 3829 complectens
734 3746 866 3810 levavit
882 3765 958 3810 eam
975 3746 1064 3810 fidu-

119 3850 255 3914 cialiter
283 3856 318 3913 et
341 3849 402 3926 ait,
430 3847 564 3911 ‘Sanet
589 3853 623 3910 te
647 3846 744 3909 Deus
774 3847 1003 3929 omnipotens,
1029 3848 1066 3909 in

120 3969 222 4031 quem
239 3947 372 4012 credis?
417 3948 475 4024 Et,
492 3966 570 4010 oum
587 3946 709 4009 mulier
724 3945 768 4008 ad
779 3965 899 4010 vocem
910 3947 1066 4030 jubentis

397 4147 402 4176 ¹
416 4149 524 4212 Lancea]
541 4150 549 4177 ‘
563 4149 654 4198 Lewes
676 4151 702 4198 iu
715 4150 798 4200 Paris.
