2864 4866
344 389 410 454 266
604 405 739 453 aocnnr
764 405 810 453 on
833 403 1040 453 wranovnn

182 581 239 620 ao.
249 581 305 619 1²³³.
345 561 400 625 lus
422 569 458 626 et
480 563 596 627 caeteri
620 569 801 643 magnates
822 563 1014 645 perturbati
1035 580 1057 625 a
1079 560 1175 625 ouria
1199 579 1295 623 rece·

345 662 479 740 dentes,
494 683 571 726 cum
583 662 676 726 aliud
692 682 760 726 non
771 669 933 745 poterant
942 661 1067 725 habere
1079 679 1295 743 responsum,

345 762 488 826 firmiter
515 763 746 845 promiserunt
768 761 812 825 ad
836 762 995 839 invicem,
1020 761 1113 844 quod
1139 781 1201 843 pro
1229 760 1296 823 hac

346 881 463 939 causa,
479 883 557 945 quae
574 881 691 926 omnes
707 863 886 942 tangebat,
900 881 1008 944 usquc
1030 861 1075 925 ad
1089 861 1294 926 divisionem

345 963 498 1044 corporis
516 970 551 1026 et
566 962 690 1025 animae
709 961 935 1026 decertarent.

641 1132 691 1198 Do
706 1132 839 1198 tonitruo
853 1133 996 1219 lycaoli.

183 1270 284 1358 Ttgunder
396 1256 527 1321 Eodem
547 1276 652 1334 anno,
672 1258 804 1323 decimo
822 1257 988 1323 kalendas
1010 1256 1155 1341 Aprilis,
1174 1257 1296 1322 audita

182 1331 312 1460 {affin
345 1363 427 1421 sunt
445 1356 599 1421 tonitrua
621 1358 799 1436 terribilia,
822 1366 857 1423 et
875 1368 996 1423 secuta
1021 1366 1074 1422 est
1096 1379 1158 1440 per
1182 1364 1293 1422 totam

218 1433 231 1470 ⁸
282 1447 287 1458 ’
345 1450 628 1521 aestatem¹tanta
642 1458 838 1539 pluviarum
854 1459 1047 1535 inundatio,
1057 1458 1148 1540 quod
1167 1458 1295 1540 ubique

344 1557 478 1621 vivaria
493 1557 673 1638 confregit,
695 1564 730 1621 et
750 1565 876 1640 stagna
896 1568 1000 1640 atque
1018 1557 1216 1621 molendina
1231 1577 1294 1639 per

345 1656 541 1720 universam
557 1656 628 1720 fere
643 1656 808 1738 Angliam
829 1676 850 1721 a
870 1658 941 1722 suis
961 1656 1100 1721 sedibus
1123 1657 1293 1720 violenter

345 1755 494 1834 evulsit3
517 1776 639 1839 nempe
655 1757 691 1820 in
703 1759 833 1840 campis
848 1758 1035 1827 arabilibus
1052 1762 1087 1820 et
1096 1756 1292 1833 fructiferis,

345 1856 382 1918 in
404 1855 561 1938 partibus
584 1857 744 1933 diversis,
767 1864 802 1921 et
822 1858 900 1921 aliis
918 1855 1067 1920 insolitis
1092 1856 1191 1933 locis,
1212 1876 1294 1938 pro-

346 1963 512 2038 ruperunt
529 1956 641 2021 fontes
658 1977 720 2039 per
745 1957 875 2022 rivulos
892 1956 1133 2033 discurrentes,
1156 1975 1201 2018 ex
1217 1955 1294 2038 qui-

346 2056 410 2118 bus
431 2075 523 2138 aqua
550 2055 641 2120 inter
667 2056 784 2137 fruges
807 2063 917 2131 stans,
938 2056 982 2120 ad
1010 2055 1149 2119 modum
1176 2055 1294 2136 stagni

346 2156 504 2231 collecta,
543 2155 792 2218 admirantibus
826 2155 957 2233 multis,
992 2155 1104 2238 pisces
1135 2154 1295 2232 fluviales

346 2255 531 2336 produxit3
559 2254 757 2318 molendina
780 2255 884 2319 etiam
906 2255 942 2318 in
963 2255 1170 2319 stationibus
1190 2261 1226 2319 et
1240 2273 1295 2317 se·

346 2354 446 2427 dibus
472 2354 599 2418 fiebant
625 2354 782 2431 diversis,
806 2356 866 2418 ubi
890 2374 1066 2437 nunquam
1092 2362 1197 2418 antea
1217 2355 1295 2418 visa

345 2452 497 2517 fuerunt.
549 2453 677 2517 Eodem
694 2474 831 2537 quoque
846 2461 1012 2536 tempore,
1035 2461 1138 2519 sexto
1161 2454 1296 2518 scilieet

346 2551 423 2615 idus
436 2551 581 2634 Aprilis,
597 2553 689 2617 circa
708 2554 828 2617 horam
849 2554 916 2617 diei
939 2555 1096 2636 primam,
1115 2553 1295 2616 infinibus

347 2649 564 2716 Herefordiae
594 2658 629 2716 et
656 2653 836 2735 Vigorniae
873 2660 1109 2735 apparuerunt
1140 2653 1177 2716 in
1207 2652 1294 2716 eaelo

346 2758 496 2833 quatuor
528 2750 618 2815 soles
649 2751 833 2817 adulterini
855 2753 946 2816 circa
967 2753 1074 2816 solem
1100 2752 1294 2816 naturalem

346 2849 473 2914 diversi
490 2851 627 2927 coloris,
641 2852 781 2933 quidam
796 2852 833 2915 in
846 2852 1083 2928 semicirculis,
1098 2851 1238 2934 quidam
1256 2853 1294 2915 in

346 2949 515 3014 rotundis.
568 2950 619 3012 Hi
652 2950 742 3015 soles
769 2951 952 3034 plusquam
981 2952 1075 3015 mille
1097 2945 1199 3015 ²viris
1224 2951 1293 3015 lide

345 3049 460 3130 dignis
477 3060 684 3133 apparentes
699 3050 850 3114 terribile
871 3051 940 3114 illis
956 3050 1193 3133 spectaculum
1207 3070 1297 3132 prae-.

346 3149 520 3230 buerunt3
546 3150 638 3214 unde
661 3150 799 3232 quidam
827 3170 945 3214 eorum
970 3158 1111 3233 propter
1128 3151 1294 3215 visionem

345 3247 519 3313 insolitam
555 3251 743 3332 pinxerunt
773 3249 865 3314 soles
899 3258 935 3315 et
968 3250 1115 3314 circulos
1147 3249 1294 3315 diversis

347 3348 520 3412 coloribus
551 3350 736 3430 insignitos
768 3350 805 3413 in
836 3350 983 3432 pellibus
1016 3349 1220 3427 literalibus,
1250 3369 1294 3414 nc

345 3466 401 3510 res
425 3454 496 3511 tam
511 3449 651 3513 insolita
673 3469 695 3514 a
712 3451 884 3513 memoriis
908 3450 1085 3515 hominum
1109 3449 1294 3514 laberetur.

345 3546 474 3610 Secuta
500 3555 553 3612 est
576 3557 692 3612 autem
720 3550 838 3613 eodem
867 3568 958 3614 anno
984 3551 1021 3612 in
1046 3550 1203 3632 partibus
1225 3549 1295 3612 illis

345 3665 471 3726 guerra
504 3647 664 3725 erudelis,
701 3655 836 3732 strages
873 3657 908 3713 et
938 3649 1079 3712 humani
1114 3649 1294 3730 sanguinis

381 3835 476 3887 ¹l'cato
493 3840 632 3902 pluviarum
649 3841 805 3904 inundatio]
831 3857 893 3904 very
915 3847 1005 3904 great3
1032 3842 1248 3892 Annalwaverl.
1268 3857 1295 3904 p.

345 3910 376 3957 In
384 3909 519 3971 Waverley
525 3925 583 3959 new
590 3915 742 3972 monastery,
752 3912 773 3959 it
783 3911 806 3960 is
834 3915 890 3961 194.

345 3978 412 4036 said,
422 3979 464 4027 the
472 3985 552 4029 water
562 3995 618 4029 rose
629 3985 655 4029 to
666 3981 708 4030 the
719 3981 807 4042 height
866 3977 878 4010 ²
888 3981 954 4031 Viris
958 3980 1124 4046 fidedigair]
1141 3981 1194 4029 The
1203 3981 1293 4043 bishop

345 4048 375 4096 of
393 4048 464 4109 eight
479 4049 539 4100 t'eet.
580 4051 661 4112 Many
680 4065 737 4099 men
756 4051 806 4099 and
831 4051 861 4099 of
869 4051 995 4100 Hereford
1010 4053 1061 4100 and
1077 4052 1118 4101 Sir
1133 4051 1203 4100 John
1219 4052 1295 4100 Mon-

345 4118 421 4167 much
438 4120 513 4169 cattle
524 4135 592 4170 were
608 4121 739 4183 drowned,
755 4122 806 4170 and
832 4122 918 4170 mouth
926 4137 969 4170 are
981 4136 1072 4183 among
1078 4121 1148 4171 those
1160 4122 1257 4184 spoken
1268 4121 1298 4169 of

345 4188 388 4238 tbe
406 4189 458 4238 loss
480 4191 507 4240 in
528 4190 600 4239 other
617 4194 730 4253 respects
750 4205 806 4240 was
831 4193 1035 4242 aswitnessesot‘
1042 4192 1112 4241 these
1119 4192 1294 4254 phaenomena.
