2864 4866
188 589 243 629 Ab.
254 590 311 628 1232.

187 640 272 687 Legend
281 690 286 700 Ι

189 699 317 739 conoernmg

188 739 282 780 Richard
290 741 309 780 1.

183 3095 267 3144 Legend

184 3145 312 3195 concernlng

184 3195 277 3235 Richard
288 3197 305 3235 Ι.
322 3211 324 3214 ·

346 395 413 462 236
601 412 734 460 nocam
758 411 805 459 na
829 410 1036 459 warnovua

349 572 492 637 militem
513 572 653 635 intuens
673 570 821 634 sollicite
837 578 992 634 orantem
1016 590 1093 633 cum
1114 570 1300 654 lachrymis

349 679 385 737 et
408 672 591 737 devotione
619 691 688 735 non
715 671 808 749 ficta,
832 669 920 735 vidit
949 669 991 734 de
1017 671 1078 734 illo
1101 691 1172 735 rem
1195 673 1301 736 mira·

349 772 453 836 bilem
471 780 507 836 et
525 772 692 835 relatione
714 770 920 854 condignam
936 791 944 851 ;
972 790 1053 834 nam
1077 773 1300 854 quotiescun-

350 893 417 956 que
444 872 555 950 miles,
584 891 685 955 quem
720 870 762 935 de
789 871 921 935 familia
951 890 1016 934 sua
1042 891 1114 935 non
1138 891 1214 936 esse
1240 873 1300 937 de-

348 972 542 1056 prehendit,
565 991 680 1054 genua
708 971 819 1048 flexit,
848 980 887 1036 ut
911 973 1097 1052 imaginem
1127 972 1300 1050 adoraret,

347 1074 464 1155 imago
486 1078 650 1137 econtra
678 1070 845 1136 crucifixi
868 1070 910 1134 ad
935 1071 1196 1154 genuflexiones
1222 1073 1299 1157 ejus

349 1182 456 1257 caput
487 1180 523 1237 et
553 1172 680 1237 collum
710 1170 807 1236 satis'
830 1172 1005 1237 humiliter
1037 1173 1230 1251 inclinavit,
1264 1181 1300 1237 et

348 1294 465 1357 regem
493 1273 559 1337 hoc
591 1292 669 1337 cum
702 1279 844 1354 stupore
881 1273 1009 1355 saepius
1039 1275 1298 1356 conspicantem

348 1374 383 1436 in
407 1373 669 1437 admirationem
687 1373 885 1438 commovit.
937 1372 1017 1438 Rex
1035 1380 1151 1438 autem
1166 1374 1299 1450 statim,

347 1473 458 1539 officio
489 1475 605 1537 missae
626 1473 809 1556 completo,
842 1473 924 1537 fecit
956 1475 1100 1537 militem
1123 1475 1167 1538 ad
1197 1494 1299 1538 suum

347 1575 507 1639 accersiri
539 1573 760 1656 colloquium,
789 1580 824 1637 et
850 1573 1034 1655 diligenter
1055 1575 1300 1639 sciscitabatur

349 1676 393 1738 ab
415 1695 456 1740 eo
478 1675 556 1757 quis
578 1681 613 1738 et
629 1673 720 1737 unde
736 1673 868 1737 fuisset.
921 1672 971 1739 At
992 1675 1051 1738 ille
1072 1694 1150 1738 cum
1173 1676 1297 1739 timore

346 1776 421 1856 regi
443 1775 655 1856 respondens
682 1774 783 1851 dixit,
808 1761 1002 1852 ‘Domina'
1025 1774 1149 1857 inquit,
1173 1775 1298 1840 ‘homo

346 1883 462 1939 vester
482 1874 587 1956 ligius
602 1893 690 1952 sum,
713 1874 803 1938 sicut
825 1894 944 1939 omnes
968 1882 1203 1939 antecessores
1230 1879 1299 1941 mei

347 1975 487 2039 fuorunt
502 1975 523 2054 ;'
546 1982 582 2039 et
595 1975 828 2039 narrationem
852 1975 1019 2057 incipiens
1041 1975 1161 2039 retulit
1178 1996 1297 2040 coram

348 2095 429 2158 rege
450 2094 518 2158 quo
542 2074 661 2138 ordine
680 2095 758 2140 cum
776 2075 960 2138 venatione
977 2074 1210 2158 deprehensus
1233 2097 1298 2141 ex-

346 2175 541 2249 haeredatus
564 2176 678 2239 fuerat
704 2183 841 2239 etcum
868 2194 932 2238 sua
964 2175 1096 2239 familia
1122 2176 1297 2241 exulatus

346 2276 449 2341 Dixit
465 2295 548 2358 ergo
570 2295 633 2339 rex
656 2275 699 2339 ad
723 2275 878 2353 militem,
896 2281 906 2310 ‘
921 2276 1095 2340 Fecistine
1109 2276 1297 2358 aliquando

344 2377 380 2438 in
404 2377 479 2441 vita
501 2382 563 2439 tua
584 2376 665 2439 boni
689 2376 819 2459 aliquid
843 2375 886 2439 ad
909 2383 1040 2440 sanctae
1062 2377 1173 2439 crucis
1200 2398 1298 2442 reve-

344 2477 491 2540 rentiam
509 2483 544 2539 et
560 2475 721 2539 honorem
731 2475 761 2561 l'
811 2474 862 2540 At
884 2477 982 2540 miles
1002 2477 1045 2540 de
1069 2478 1203 2541 actibus
1222 2479 1296 2542 suis

344 2576 530 2658 praeteritis
544 2575 690 2639 sollicite
706 2576 863 2658 cogitans
876 2578 951 2659 regi
965 2598 1047 2656 rem,
1060 2596 1164 2660 quam
1175 2585 1297 2661 egerat

345 2677 390 2740 ob
408 2674 575 2740 Crucifixi
589 2677 829 2755 reverentiam,
847 2678 1031 2742 enarravit.

418 2851 569 2931 Quomodo
583 2852 670 2918 miles
684 2853 810 2918 inimico
818 2853 958 2938 peporcit
965 2874 1029 2939 pro
1045 2853 1215 2918 reuerentior

741 2954 902 3036 Orooifioi.

405 3074 537 3144 ‘Pater
554 3080 673 3156 meuS‚’
691 3079 816 3162 inquit,
841 3084 900 3143 ‘et
921 3079 1010 3143 alius
1034 3078 1175 3162 quidam
1195 3078 1294 3142 miles

344 3179 462 3245 villam
479 3180 652 3263 quandam
669 3181 761 3243 inter
777 3199 814 3243 se
831 3178 1068 3256 dimidiabant,
1091 3199 1195 3262 quam
1209 3202 1211 3205 ¹
1214 3179 1294 3262 jure

344 3279 563 3344 haereditario
582 3279 830 3363 possidebant3
858 3286 905 3357 et,
924 3298 1000 3343 cum
1024 3287 1124 3362 pater
1140 3299 1237 3342 meus
1257 3280 1294 3342 in

344 3381 501 3444 omnibus
529 3380 659 3445 divitiis
674 3379 876 3456 abundaret,
897 3379 986 3443 alius
1004 3400 1023 3443 e
1047 3385 1170 3444 contra
1194 3379 1295 3443 miles

343 3500 478 3564 semper
510 3501 643 3564 pauper
669 3487 744 3544 erat
775 3487 811 3544 et
840 3480 980 3562 egenuS,
1012 3488 1134 3543 contra
1158 3486 1293 3562 patrem

343 3601 457 3645 meum
488 3581 620 3645 invidia
650 3581 773 3645 ductus
799 3581 931 3663 paratis
959 3580 1091 3643 insidiis
1118 3579 1292 3644 interfecit

344 3699 433 3744 eum.
480 3681 557 3762 Ego
567 3687 703 3757 autem,
726 3672 793 3762 qui
808 3681 892 3745 tunc¹
913 3701 998 3764 puer
1015 3699 1121 3756 eram,
1137 3699 1214 3743 cum
1230 3700 1293 3743 an-

344 3800 407 3843 nos
434 3781 551 3844 viriles
580 3780 772 3861 attigissem
803 3788 838 3844 et
860 3781 895 3844 in'
918 3780 1120 3844 haereditate
1148 3787 1293 3862 paterna

344 3880 567 3944 confirmatus
598 3880 751 3957 fuissem,
785 3880 937 3962 cogitavi
968 3880 1228 3945 immutabiliter
1255 3881 1293 3944 in

343 3979 507 4043 ultionem
541 3981 652 4063 patris
679 3981 745 4044 mei
772 3980 915 4044 militem
948 3981 1044 4044 illum
1075 3980 1291 4061 interficere3

341 4080 400 4143 sed
419 4080 477 4144 ille
495 4101 598 4163 super
612 4080 666 4144 his
682 4081 908 4164 praemunitus
923 4101 985 4165 per
1001 4100 1110 4145 annos
1125 4082 1298 4163 plurimos

340 4181 384 4243 ab
406 4180 551 4262 insidiis,
579 4201 667 4265 quas
693 4181 723 4246 ei
747 4182 901 4247 studiose
923 4202 1140 4266 paraveram,
1163 4201 1200 4246 se
1223 4182 1292 4246 cal-
