2864 4866
337 394 381 460 52
595 408 728 456 noconr
752 409 800 457 nu
824 409 1032 461 wuunovon

177 582 300 622 fluv-1²¹⁹·
340 570 413 635 nati
444 576 526 634 sunt
552 569 647 652 ipsos
676 589 699 633 a
727 568 860 632 fossato
894 567 1073 651 repellere,
1104 568 1165 632 sed
1203 568 1288 633 nibil

177 633 293 724 pm&
340 670 587 754 profecerunt3
624 669 755 733 clamor
787 677 930 748 exortus
963 676 1016 734 est
1045 669 1289 734 insultantium

341 790 569 855 paganorum,
594 777 699 834 aucta
727 776 781 833 est
806 769 973 833 timiditas
1001 767 1288 835 Christianorum.

343 871 410 935 Sed
439 871 581 954 spiritus
613 870 747 934 consilii
774 876 810 933 et
836 868 1048 934 fortitudinis
1072 869 1290 953 Templarios

342 972 523 1049 animavit,
560 991 640 1035 nam
673 971 840 1053 magister
874 969 1011 1053 Templi
1048 989 1126 1034 cum
1162 989 1290 1035 mares-

342 1071 456 1136 challo
487 1072 692 1154 caeterisque
730 1070 908 1147 fratribus
940 1089 1002 1152 per
1034 1070 1167 1135 exitum
1203 1070 1291 1135 satis

343 1178 530 1254 angustum
575 1172 706 1254 impetu
752 1170 858 1248 facto,
904 1171 1050 1235 viriliter
1096 1170 1291 1234 incredulos

343 1272 514 1337 convertit
542 1272 579 1335 iu
608 1271 738 1353 fugam.
791 1271 926 1335 Domus
956 1271 1224 1335 Teutonicorum
1256 1278 1293 1335 et

345 1373 520 1449 Frisones‚
542 1370 683 1436 comites
708 1377 744 1435 et
760 1356 918 1448 barones,
944 1376 1049 1455 atque
1073 1390 1118 1435 ex
1143 1370 1290 1435 diversis

343 1473 541 1537 nationibus
569 1472 708 1549 militeS,
733 1470 890 1536 videntes
915 1471 1052 1554 Templi
1076 1471 1232 1536 militiam
1253 1471 1292 1534 in

343 1573 509 1654 periculo,
535 1591 598 1654 per
621 1573 737 1636 exitus
760 1571 826 1635 sibi
852 1573 1029 1654 expositos
1050 1572 1120 1636 illis
1141 1572 1177 1635 in
1204 1591 1294 1637 aux*

344 1672 441 1736 ilium
476 1679 736 1756 proruperunt3
775 1679 858 1735 tunc
899 1672 1032 1754 pedites
1070 1671 1290 1756 perfidorum,

343 1771 507 1857 projectis
532 1772 664 1856 clipeiS,
687 1772 937 1837 truncabantur
965 1774 1010 1837 nd
1032 1780 1179 1851 centum,
1202 1792 1293 1854 prae-

344 1880 398 1937 ter
432 1874 511 1937 illos
550 1873 610 1956 qui
642 1873 679 1936 in
709 1873 841 1937 fossato
878 1873 1073 1956 praecipites
1102 1874 1293 1956 perierunt.

344 1973 491 2052 Deinde,
506 1974 677 2057 peditibus
697 1972 904 2038 Christianis
925 1973 1085 2056 egressis,
1103 1993 1166 2056 per
1181 1973 1292 2038 modi-

344 2093 421 2138 cum
454 2073 605 2158 spatium
636 2093 713 2138 sese
742 2075 991 2139 subtraxerunt
1019 2075 1162 2155 bostes3
1197 2075 1292 2139 acies

343 2175 424 2239 hino
449 2174 529 2239 inde
550 2175 779 2240 substiterunt
800 2182 944 2240 armatae
972 2175 1082 2240 donec
1110 2193 1294 2258 crepuscu-

343 2276 416 2339 lum
452 2275 686 2358 vespertinum
725 2282 899 2340 certamen
941 2276 1090 2354 diremit,
1128 2271 1293 2354 Saraceni

343 2376 439 2458 prius
460 2383 686 2442 recesserunt.
739 2374 941 2440 Occisorum
963 2396 1109 2460 corpora
1125 2376 1294 2460 jacebant·

338 2476 445 2559 juxta
467 2476 635 2541 fossatum
660 2476 783 2553 multa,
806 2483 933 2558 praeter
956 2476 1035 2540 illos
1055 2477 1116 2560 qui
1143 2477 1292 2548 sauciati

343 2575 518 2664 lethaliter
550 2577 594 2641 ad
630 2584 747 2641 castra
779 2582 862 2640 sunt
892 2576 1036 2643 reducti.
1109 2576 1218 2641 Pauci
1249 2577 1293 2642 de

343 2676 500 2741 fidelibus
521 2698 584 2760 per
603 2677 768 2743 virtutem
790 2676 859 2741 Dei
880 2684 915 2741 et
933 2677 1209 2761 Templariorum
1232 2696 1293 2742 au-

292 2768 300 2785 ‘
343 2776 478 2841 daciam
499 2776 668 2860 perempti
689 2777 830 2841 fuerunt
847 2783 882 2840 et
905 2778 1046 2861 captivi.
1099 2778 1192 2843 Dum
1218 2778 1294 2843 haec

344 2884 529 2958 agerentur
565 2877 703 2954 ibidem,
739 2878 921 2942 combusta
957 2886 1040 2942 sunt
1065 2879 1137 2944 fere
1176 2880 1294 2945 omnia

343 2978 574 3042 instrumenta
604 2976 768 3056 fidelium,
796 2997 875 3061 quae
902 2986 1018 3043 erecta
1046 2987 1146 3045 erant
1171 2987 1293 3045 contra

344 3077 533 3154 civitatem,
564 3097 586 3141 n
618 3077 854 3142 defensoribus
888 3078 976 3162 ejus,
1007 3087 1135 3161 practer
1166 3080 1292 3159 scalas,

343 3177 380 3240 in
401 3196 564 3259 magnum
592 3176 868 3241 Christianorum
896 3178 1151 3244 detrimentum.
1204 3179 1293 3246 Post

345 3276 407 3341 has
434 3277 542 3358 igitur
566 3276 677 3342 factas
701 3297 723 3341 n
747 3277 898 3342 Soldano
922 3279 1119 3344 invasiones
1146 3301 1216 3346 non
1239 3289 1294 3347 est

345 3395 450 3441 ausus
472 3377 635 3462 congredi
659 3397 736 3442 oum
762 3376 981 3457 Christianis,
1009 3380 1070 3443 sed
1095 3401 1165 3446 non
1188 3381 1292 3464 longe

342 3477 389 3540 ab
405 3477 582 3541 obsidione
597 3477 677 3542 lixis
694 3479 852 3545 tentoriis
866 3479 902 3543 in
918 3479 1052 3544 insidiis
1068 3483 1240 3551 manebat.

373 3651 423 3714 Do
430 3650 543 3735 prelio
556 3654 718 3736 campestri
734 3654 816 3717 inter
832 3653 1024 3720 Christianos
1038 3666 1066 3720 ot
1081 3658 1261 3723 Saracenos.

396 3773 581 3840 Exercitus
603 3784 720 3843 autem
738 3778 880 3858 Christi,
896 3801 974 3845 cum
997 3782 1128 3847 diutius
1151 3804 1216 3848 usu
1233 3806 1294 3869 pe-

344 3875 528 3940 trariarum
548 3884 582 3941 et
602 3879 858 3943 trebuculorum
882 3882 1097 3966 aliarumque
1118 3886 1296 3950 machina-

345 3992 419 4036 rum
442 3994 558 4039 muros
581 3977 733 4042 civitatis
757 3981 958 4046 subvertere
980 3982 1208 4063 laborassent,
1231 4007 1295 4051 nec

344 4074 528 4156 quicquam
559 4076 797 4159 profecissent,
819 4073 841 4143 a
864 4083 1144 4164 prudentioribus
1175 4087 1297 4169 populi

344 4175 523 4257 perspicue
546 4176 797 4259 deprehensum
820 4190 873 4245 est
894 4191 929 4247 et
946 4186 1117 4252 veraciter
1138 4187 1294 4253 intellec-
