2864 4866
407 426 546 476 ruonns
569 426 840 476 n1sr0nrunuu.
1045 409 1089 474 89

139 607 231 670 papa
255 588 291 652 in
311 587 420 652 literis
443 587 665 671 supradictis,
688 593 859 669 quatenns
883 583 1089 648 auctoritate
1103 599 1227 641 alr-¹²2³-

138 688 331 770 apostolica
348 688 589 752 denuntiarent
606 687 802 765 comitibus,
814 686 1012 763 baronibus,
1027 684 1090 747 mi-

139 787 259 852 litibus
280 795 316 853 et
332 789 409 853 aliis
427 787 609 865 universis,
632 788 693 871 qui
717 787 892 851 custodias
916 786 1090 849 habebant

137 895 343 967 castrorum,
369 890 537 953 honorum
563 897 599 953 et
621 888 795 965 villarum,
823 906 902 969 quae
931 886 974 950 ad
1000 885 1090 966 regis

122 987 329 1052 ¹dominium
360 991 577 1073 spectabant,
605 997 644 1053 ut
673 989 838 1052 continuo
868 987 951 1051 visis
981 985 1090 1050 literis

142 1089 216 1170 regi
244 1089 323 1153 illas
361 1089 555 1167 redderent,
585 1087 857 1153 contradictores
883 1095 999 1151 autem
1030 1105 1092 1167 per

140 1208 320 1253 censuram
347 1190 614 1254 ecclesiasticam
637 1188 682 1252 ad
705 1188 975 1252 satisfactionem
998 1205 1090 1249 com·

143 1289 332 1372 pellerent3
356 1290 447 1353 unde
469 1309 550 1372 pars
573 1289 726 1352 maxima
753 1288 917 1353 comitum
940 1295 975 1351 et
990 1286 1091 1349 baro·

144 1408 237 1467 num,
269 1409 415 1472 quornm
443 1390 548 1454 corda
576 1389 868 1471 concupiscentia.
883 1385 1094 1470 possidebat,

142 1489 339 1574 hujusmodi
372 1500 547 1573 praecepta
578 1490 720 1571 indigne
750 1489 864 1552 ferens
898 1487 1094 1569 bellumque

143 1591 312 1655 suscitare
340 1591 527 1673 disponens
555 1588 717 1654 convenit
743 1589 777 1651 in
804 1609 923 1666 unum,
946 1594 993 1663 et,
1016 1605 1095 1649 con·

144 1690 333 1773 spiratione
358 1692 488 1773 absque
515 1691 655 1754 follibus
689 1689 853 1765 conflata,
879 1686 1095 1770 supradictas

145 1791 344 1856 occasiones
365 1791 614 1873 praetendebat,
638 1797 677 1853 ut
699 1809 817 1871 pacem
841 1789 939 1870 regni
961 1794 1095 1870 pertur-

146 1892 268 1972 baret;
291 1892 467 1956 custodias
490 1899 605 1956 autem
626 1889 842 1973 jamdictas,
863 1908 924 1971 per
942 1887 1097 1950 admoni-

146 1993 274 2056 tionem
306 1992 640 2075 arcbiepiscoporum
671 1996 706 2053 et
740 1991 991 2072 episcoporum,
1023 1987 1096 2068 regi

147 2092 288 2157 reddere
312 2093 518 2176 supersedit,
541 2091 661 2157 volens
695 2090 811 2172 potius
840 2108 937 2153 arma
959 2107 1097 2151 movere

147 2213 251 2275 quam
279 2194 353 2276 regi
380 2192 579 2258 satisfacere
608 2191 651 2255 de
677 2189 876 2272 praemissis.
928 2188 997 2253 Sed
1024 2188 1098 2251 baec

147 2293 247 2360 infra.

247 2471 297 2535 De
313 2492 400 2535 cruce
415 2469 583 2536 Doraiaica
598 2469 687 2556 opud
700 2469 879 2535 Bromlolm
893 2469 1010 2536 blato.

186 2596 315 2660 Eodem
331 2616 422 2660 anno
432 2596 523 2679 apud
535 2589 751 2660 ¹Bronrholm
764 2598 970 2660 crebuerunt
982 2595 1099 2659 divina
1111 2613 1209 2654 urraca.
1219 2615 1241 2653 st

148 2698 326 2774 miracula,
344 2698 388 2761 ad
412 2696 558 2778 gloriam
579 2703 615 2760 et
627 2696 791 2760 bonorem
813 2696 1000 2759 salutiferae
1021 2715 1097 2758 cru·
1111 2665 1241 2704 Bmmh‘ssm'

147 2798 211 2875 cis,
231 2799 354 2880 inqua
374 2797 537 2861 Salvator
554 2797 672 2859 mundi
695 2797 768 2879 pati
787 2797 1018 2878 dignatusest
1035 2817 1098 2878 pro

149 2898 383 2982 redemptione
397 2897 534 2979 generis
551 2896 714 2975 humani3
741 2904 788 2973 et,
811 2897 973 2977 quoniam
1001 2904 1099 2960 tanto

151 2999 313 3063 thesauro
343 2998 524 3061 Britannia
552 2998 589 3059 iu
615 3016 744 3060 oceano
766 2998 956 3060 constituta
981 2996 1098 3060 divina

151 3098 312 3180 largitate
330 3099 456 3162 meruit
472 3096 673 3174 beatificari,
690 3096 832 3178 dignum
849 3103 914 3169 est,
935 3097 1004 3159 imo
1024 3096 1099 3178 dig-

152 3200 344 3276 nissimum,
366 3198 538 3263 memoriis
562 3204 778 3280 posterorum
804 3197 1008 3278 imprimere,
1032 3216 1100 3278 quo

152 3299 271 3365 ordine
286 3319 308 3364 a
327 3306 400 3363 tam
419 3298 557 3361 remotis
576 3298 732 3380 partibus
756 3296 791 3358 in
817 3296 1033 3360 Britanniam
1056 3298 1100 3361 sit

152 3400 278 3464 delata.
330 3398 461 3465 Verum
485 3417 599 3461 comes
623 3397 846 3460 Flandrcnsis
867 3397 1101 3474 Baldewinus,

152 3521 197 3565 ex
218 3500 342 3564 comite
363 3497 769 3580 Constantinopolitanae
794 3497 981 3579 imperator
1001 3496 1100 3560 effec-

154 3608 222 3678 tus,
251 3601 310 3664 ubi
338 3620 400 3681 per
422 3599 607 3662 multorum
632 3598 803 3661 curricula
824 3590 992 3660 annorum
1016 3604 1102 3660 stre-

153 3721 220 3765 nue
239 3701 339 3776 vixit,
360 3699 506 3780 contigit
527 3698 624 3761 illum
648 3717 669 3761 a
691 3697 830 3779 perfidis
856 3698 995 3779 regibus
1016 3717 1100 3779 quo-

154 3802 234 3866 dam
250 3809 403 3883 tempore
419 3799 571 3881 graviter
584 3797 752 3874 infestari,
770 3805 892 3861 contra
915 3818 1002 3880 quos
1024 3817 1102 3860 cum

152 3903 282 3985 impetu
310 3909 345 3965 et
370 3902 499 3982 absque
523 3897 768 3962 deliberatione
791 3897 1014 3980 progrediens
1037 3897 1103 3979 lig-

154 4023 237 4068 uum
262 4001 482 4067 Dominicum
511 4018 588 4062 curn
617 3998 694 4061 aliis
721 3997 886 4080 reliquiis,
912 4016 989 4079 quae
1016 4017 1104 4061 seru-

192 4181 367 4254 ¹Brombolm.]
390 4185 483 4234 Cbron.
492 4184 635 4248 deDunst.,
646 4183 730 4234 where
744 4185 803 4247 they
815 4199 857 4233 are
869 4184 990 4233 recorded
1001 4198 1030 4233 as
1041 4182 1105 4246 hap·

154 4262 249 4326 pening
258 4261 284 4310 in
293 4259 336 4308 the
347 4271 408 4319 year
419 4260 482 4306 1225
493 4271 501 4316 ;
521 4270 546 4317 p.
557 4257 614 4304 158.
