2864 4866
371 420 510 488 rnonus
533 420 804 472 msromlnuru.
1021 409 1065 473 69

112 571 305 653 uidissent3
336 573 455 657 sicque
484 576 644 659 deinceps
668 578 718 642 ita
743 579 920 644 monachis
940 566 1062 663 praefa}
1077 595 1200 636 ΔΜ-

112 672 159 747 tis
176 673 266 738 idem
283 673 466 757 episcopus
485 676 677 760 injuriosus
693 679 831 743 exstitit
848 686 883 744 et
900 679 1061 758 infestus,

114 779 165 849 ut,
189 774 395 838 necessitate
424 783 582 858 cogente,
611 777 655 840 ad
683 779 904 861 praesentiam
934 780 1063 845 domini

111 889 215 954 papae
242 874 458 956 appellantes
488 895 564 940 sese
594 884 630 941 et
654 897 719 949 sua
746 879 862 948 omnia
894 881 959 943 sub
985 880 1062 964 ejus

115 974 329 1054 protectione
347 983 527 1056 ponerent,
549 996 591 1040 ac
610 977 732 1042 deinde
750 976 898 1042 Romam
920 980 1063 1043 clericos

115 1072 292 1137 mittentes
317 1081 352 1138 et
374 1075 560 1139 monachos
583 1077 782 1159 episcopum
810 1087 1063 1144 accusaverunt

113 1170 151 1248 in
166 1171 297 1251 multis,
310 1181 547 1258 contraquam
565 1178 821 1241 accusationem
834 1178 899 1243 hoc
915 1198 1063 1262 sequens

113 1272 318 1354 ¹rescriptum
334 1274 608 1356 impetraverunt
622 1295 644 1340 a
659 1297 774 1359 papa;

116 1424 120 1429 .
159 1376 170 1407 ‘
183 1370 363 1436 Honorius
374 1375 557 1457 episcopus
573 1375 816 1441 Saresbiriensi
827 1385 861 1442 et
871 1377 1015 1454 Eliensi,
1028 1384 1062 1441 et
1076 1391 1183 1442 Therone

1077 1443 1148 1481 orders
1157 1453 1184 1481 an

114 1478 252 1549 caetera,
270 1473 451 1556 episcopis,
469 1475 629 1553 salutem,
647 1485 681 1542 et
696 1483 833 1542 caetera.
889 1477 947 1542 Ita
964 1478 1063 1541 nobis
1076 1491 1218 1581 {ggugghffi

114 1570 152 1634 in
169 1570 274 1636 odore
290 1575 390 1637 bonae
406 1575 577 1656 opinionis
590 1575 735 1641 fratrum
753 1584 788 1642 et
800 1583 1064 1660 cooperatorum
1077 1553 1196 1632 eonduct·¹'

115 1678 312 1736 nostrorum
338 1675 499 1739 convenit
518 1674 693 1754 delectari,
709 1683 748 1741 ut
765 1677 800 1739 in
823 1677 1064 1759 pestilentibus

116 1772 202 1836 vitia
226 1792 296 1837 non
323 1773 515 1856 palpemus,
539 1794 617 1838 cum
644 1794 713 1840 non
740 1776 861 1840 deceat
882 1796 946 1859 pro
969 1797 1064 1842 reve-

116 1874 229 1938 rentia
248 1872 378 1936 ordinis
397 1874 568 1939 sustinere
588 1882 784 1957 peccantes
801 1894 946 1957 quorum
961 1876 1065 1958 culpa

116 1979 172 2044 ¹tot
189 1993 249 2038 eos
272 1974 441 2038 mortibus
459 1973 584 2056 dignos
603 1974 699 2052 facit,
718 1982 802 2058 quot
823 1975 867 2039 ad
889 1974 1063 2058 subjectos

112 2073 321 2157 perditionis
344 2074 504 2156 exempla
525 2075 777 2152 transmittunt,
804 2075 864 2156 qui
888 2075 963 2139 sola
984 2094 1063 2157 quae

114 2172 300 2257 pravitatis
318 2174 479 2256 exempla
495 2174 712 2256 conspiciunt
726 2175 916 2239 imitantur.
969 2173 1063 2239 Hinc
1143 2212 1144 2215 =

116 2281 171 2338 est
190 2274 293 2357 quod,
308 2293 386 2339 cum
404 2274 447 2338 de
463 2273 651 2338 venerabili
666 2274 774 2340 fratre
794 2280 913 2338 nostro
933 2274 1064 2339 Dunel-

117 2374 228 2439 mensi
252 2374 416 2457 episcopo
441 2373 570 2455 saepius
597 2372 695 2437 nobis
719 2375 895 2438 insinuata
918 2373 1065 2437 fuissent

115 2494 195 2558 quae
225 2475 269 2538 ab
297 2473 491 2557 episcopali
522 2474 703 2538 honestate
734 2474 875 2537 nimium
907 2473 1063 2537 dissona-

117 2577 214 2651 bant,
240 2574 380 2639 tandem
409 2572 592 2658 inculcatis
619 2573 758 2636 funibus
787 2574 946 2637 clamoris
973 2575 1064 2637 exci-

118 2676 195 2752 tati,
220 2681 352 2739 utnon
382 2680 580 2755 pateremur
611 2692 689 2735 cum
715 2672 907 2756 perditione
941 2672 1064 2737 multo-

117 2795 194 2840 rum
209 2775 384 2858 quiescere
402 2772 550 2854 amplius
567 2773 604 2835 in
620 2772 691 2836 suis
709 2773 970 2837 enormitatibus
992 2773 1064 2854 epi-

116 2893 259 2958 scopum
282 2880 527 2952 memoratum;
551 2872 594 2935 de
611 2892 679 2953 quo
704 2873 892 2937 insinuatio
912 2872 1066 2936 clamosa

118 2974 297 3059 processit,
320 2971 424 3056 quod,
448 2979 632 3054 postquam
653 2971 719 3035 fnit
737 2971 779 3035 ad
806 2970 954 3036 officium
979 2991 1065 3054 pon·

119 3075 245 3140 tilicale
261 3078 453 3155 promotus,
470 3091 549 3136 reus
570 3072 764 3154 sanguinis,
781 3072 949 3148 simoniae,
967 3071 1065 3134 adul-

120 3171 220 3251 terii,
234 3172 417 3254 sacrilegii,
442 3172 585 3254 rapinae,
614 3172 756 3253 perjurii
778 3191 818 3234 ac
845 3170 1065 3253 dilapidatio-

120 3275 174 3341 nis
203 3272 404 3354 multiplicis
430 3278 483 3335 est
505 3270 659 3348 effectuS,
690 3290 758 3334 non
782 3270 970 3334 formidans
996 3269 1065 3333 cle·

118 3375 222 3452 ricos,
252 3372 426 3454 orphanos
453 3391 494 3435 ac
523 3369 617 3435 viros
650 3370 830 3450 religiosos
862 3370 1066 3452 opprimere,

118 3479 327 3541 testamenta
365 3469 601 3534 decedentium
638 3470 816 3551 impedire,
854 3470 951 3551 regia
983 3469 1065 3552 jura

121 3583 244 3640 contra
270 3570 448 3636 scientiam
477 3569 594 3633 dilecti
624 3568 686 3631 filii
718 3570 826 3633 nostri
856 3568 1066 3651 Pandulpbi,

119 3670 355 3738 Norwicensis
383 3669 495 3745 electi,
522 3669 667 3744 munire,
694 3687 735 3731 ac
759 3669 1066 3732 excommunicati-

120 3792 186 3838 one
214 3773 344 3853 ligatus
374 3769 532 3851 ingerere
565 3787 602 3831 se
630 3767 766 3830 divinis.
841 3766 931 3831 Item
963 3769 1067 3832 etiam

121 3870 409 3956 appellationibus
436 3888 505 3932 non
532 3867 643 3930 defert
664 3866 707 3929 ad
740 3866 933 3931 Romanam
960 3868 1069 3932 eccle·

121 3973 209 4038 siam
232 3968 458 4052 interpositis,
486 3974 620 4032 statuta
644 3966 815 4047 generalis
839 3967 974 4031 concilii
1000 3985 1069 4028 non

121 4073 296 4147 observat,
313 4086 488 4151 nunquam
505 4061 668 4150 proponit
683 4067 811 4149 populo
827 4068 968 4130 verbum
991 4065 1070 4139 Dei,

121 4173 242 4253 lingua
271 4176 305 4233 et
331 4167 491 4254 exemplo
520 4167 602 4231 vitae
633 4185 780 4249 pravum
809 4166 954 4229 subditis
983 4184 1073 4247 prae-
