2864 4866
440 416 578 464 666666
601 414 871 465 6166666666.
1063 399 1129 464 299

184 572 356 636 nuntiavit
383 573 486 635 etiam
518 565 602 654 ¹ipsi
628 572 701 652 regi
727 571 902 648 audacter,
929 570 1031 652 quod,
1060 573 1126 635 nisi
1141 587 1196 626 61)-
1208 588 1262 627 ¹2³⁴-

186 673 329 735 celerius
346 691 494 737 errorem
512 671 701 734 dimitteret
715 677 750 734 et
764 691 841 733 cum
856 671 1013 734 fidelibus
1030 672 1127 752 regni

185 772 239 835 sui
270 772 411 852 pacifice
436 778 667 853 componeret,
690 770 764 851 ipse
790 769 1028 846 incontinenti,
1049 790 1127 833 cum

185 872 343 934 omnibus
369 872 428 953 qui
454 871 599 935 aderant
621 869 787 950 praelatiS,
810 870 847 932 in
873 871 985 951 ipsum
1011 889 1126 950 regem

185 971 391 1034 sententiam
417 971 522 1034 ferret
547 969 910 1034 excommunicationis
937 969 1029 1032 etin
1056 988 1129 1032 om-

185 1088 245 1132 nes
261 1069 347 1134 alios
365 1069 468 1153 hujus
489 1070 585 1151 pacis
601 1067 870 1132 contradictores
888 1075 924 1132 et
938 1067 1129 1131 concordiae

184 1187 415 1251 perversores.
469 1169 549 1232 Rex
577 1176 691 1231 autem
718 1168 797 1249 pius
828 1167 1008 1231 consilium
1034 1167 1128 1230 audi-

187 1287 248 1330 ens
264 1268 487 1349 praelatorum
507 1268 682 1330 humiliter
700 1266 890 1348 respondit,
907 1266 999 1348 quod
1016 1267 1128 1329 consi-

187 1367 243 1430 liis
260 1385 377 1430 eorum
393 1367 429 1430 in
443 1367 601 1431 omnibus
617 1365 827 1443 adclinaret;
854 1364 945 1428 unde
961 1372 1041 1446 post
1056 1365 1129 1428 dies

185 1485 327 1547 paucoS,
344 1466 541 1547 intelligens
558 1466 732 1547 proprium
750 1484 911 1540 errorem,
925 1465 1130 1546 poenitentia

186 1565 310 1629 ductus
327 1566 493 1647 praecepit
509 1564 627 1640 Petra,
645 1565 878 1628 Wintoniensi
900 1563 1074 1645 episcopo,
1091 1571 1131 1626 ut

189 1683 333 1745 pergens
358 1664 402 1728 ad
426 1665 662 1746 episcopatum
697 1682 797 1726 suum
821 1662 912 1726 curis
935 1663 1131 1727 intenderet

187 1764 376 1826 animarum
401 1769 436 1826 et
458 1764 500 1826 de
528 1769 653 1826 caetero
681 1763 786 1843 regiis
822 1761 969 1843 negotiis
1003 1781 1131 1843 nequa·

188 1881 291 1942 quam
322 1863 516 1926 interesset.
569 1861 674 1926 Petro
698 1862 803 1925 etiam
829 1860 872 1925 de
895 1860 1044 1924 Rivallis
1068 1862 1131 1923 im-

188 1961 398 2024 mutabiliter
420 1960 539 2043 jussit,
561 1961 660 2043 cujus
683 1959 813 2041 Anglia
835 1966 911 2023 tota
932 1960 1131 2041 dispositio·

187 2059 287 2122 nibus
312 2059 525 2142 subjacebat,
551 2066 602 2136 ut,
625 2059 767 2123 redditis
793 2059 859 2122 sibi
883 2059 1035 2123 castellis
1059 2059 1131 2121 suis

187 2166 222 2221 ct
247 2160 428 2222 ratiocinio
457 2159 500 2222 de
525 2158 708 2234 thesauris,
737 2158 963 2223 incontinenti
992 2176 1013 2220 a
1036 2159 1132 2220 curia

187 2259 370 2334 recederet,
395 2257 569 2321 affirmans
595 2277 672 2321 cum
696 2257 907 2340 juramento,
935 2257 1039 2338 quod,
1066 2257 1132 2321 nisi

188 2357 411 2421 beneficiatus
434 2365 469 2422 61
491 2358 527 2422 16
550 2365 677 2421 sortem
706 2356 905 2420 clericorum
928 2355 1051 2419 fnisset
1072 2355 1133 2419 ad-

191 2459 328 2534 missus,
358 2458 431 2539 ipsc
461 2458 493 2522 ei
532 2457 650 2519 ambos
688 2455 806 2519 oculos
843 2474 962 2518 eruere
990 2454 1130 2519 faceret.

192 2555 417 2621 Pictavenses
441 2557 583 2637 insuper
609 2574 740 2631 omnes,
764 2562 836 2617 tam
863 2553 1026 2618 decuria
1056 2572 1132 2630 sua,

192 2675 296 2737 quam
323 2655 366 2719 de
395 2663 585 2719 castrorum
615 2652 798 2736 praesidiis,
828 2653 1003 2735 expellens
1034 2653 1134 2717 remi·

193 2756 238 2819 sit
263 2756 300 2817 in
325 2755 473 2836 patriam
504 2773 615 2830 suam,
639 2753 844 2836 praecipiens
872 2760 912 2816 ut
936 2753 1028 2815 ultra
1052 2752 1135 2815 faci-

194 2874 247 2916 em
270 2853 345 2937 ejus
366 2873 436 2917 non
454 2853 620 2919 viderent.
673 2851 726 2916 Ac
748 2853 869 2915 deinde
891 2871 966 2927 rex,
983 2852 1043 2932 qui
1064 2871 1136 2915 mo-

194 2952 246 3014 dis
263 2953 421 3017 omnibus
445 2972 566 3035 pacem
591 2951 743 3029 sitiebat,
770 2952 864 3015 misit
886 2950 1136 3027 Eadmundum,

194 3051 476 3116 Cantnariensem
513 3051 819 3134 archiepiscopum,
855 3069 931 3112 cum
966 3050 1136 3131 episcopis

196 3150 372 3215 Castrensi
398 3159 434 3214 61
455 3151 609 3216 Roffensi
634 3151 670 3213 in
692 3149 857 3215 Walliam
887 3148 930 3211 ad
957 3148 1136 3211 Loelinum

196 3257 231 3313 et
258 3250 470 3313 Richardum
510 3251 669 3315 comitem
707 3248 964 3322 Marescallum,
994 3255 1034 3310 ut
1059 3266 1136 3309 cum

196 3349 246 3412 eis
269 3350 312 3412 de
333 3368 418 3430 pace
438 3355 638 3414 tractarent.
691 3348 737 3411 Et
752 3349 801 3411 sic
822 3367 898 3422 rex,
919 3345 1069 3408 dimissis
1088 3346 1136 3408 in-

196 3449 286 3530 iquis
315 3448 519 3512 consiliariis
546 3450 631 3525 suis,
662 3447 838 3513 revocavit
863 3445 907 3508 ad
937 3446 1137 3527 obsequium

197 3567 297 3612 suum
321 3548 497 3613 naturales
528 3548 682 3611 homines
706 3546 748 3609 de
771 3565 878 3626 regno
898 3564 973 3620 suo,
999 3543 1138 3627 subjici·

197 3666 258 3712 ens
285 3667 323 3711 66
338 3648 481 3712 66661116
499 3646 746 3729 archiepiscopi
764 3652 798 3708 et
812 3645 1061 3726 episcoporum,
1080 3662 1142 3726 per

199 3766 286 3828 quos
315 3748 478 3829 sperabat
508 3766 651 3828 regnum
681 3746 919 3828 perturbatum
943 3742 987 3806 ad
1012 3750 1141 3807 statum

196 3845 349 3911 debitum
368 3865 543 3910 revocare.

520 4041 527 4072 ¹
543 4044 618 4108 lpsi,]
635 4044 747 4104 wanting
759 4043 785 4090 in
798 4043 828 4091 C.
