2864 4866
346 377 391 440 40
597 392 731 441 nocuru
754 392 803 439 un
825 389 1033 440 wnuuovun

187 566 320 656 &3322
350 553 460 617 chiu'ae
486 552 593 628 socia,
608 550 813 616 velificando
835 549 1023 633 processit;
1051 543 1248 629 patriarcha
1262 550 1301 606 et

187 665 297 757 Ἠῶ
350 654 463 718 clerus
478 651 578 715 nudis
593 652 739 734 pedibus
752 650 978 715 ambulabant
994 667 1056 730 per
1072 646 1204 721 littora,
1224 643 1302 707 Do-

349 753 444 817 mino
461 752 708 834 supplicantes.
754 749 842 814 Cum
858 769 941 814 vero
956 747 1000 813 ad
1016 747 1137 811 turrim
1154 763 1302 827 perven-

351 860 425 917 tum
450 849 585 928 luisset,
610 850 738 934 duplex
758 850 819 914 illa
841 848 1045 932 compositio
1067 844 1112 909 ad
1129 845 1224 908 latus
1240 863 1301 907 oc·

352 951 524 1017 cidentale
549 950 705 1015 converti
724 969 794 1014 uon
820 954 969 1032 poterat,
993 946 1054 1010 sed
1081 943 1300 1009 ascendendo

352 1051 481 1117 directe
512 1051 556 1115 ad
588 1051 729 1134 plagam
764 1049 1000 1132 aquilonarem
1035 1044 1301 1128 applicabatur3

352 1151 491 1215 funibus
513 1150 652 1215 tandem
676 1157 712 1215 et
738 1148 897 1214 anchoris
924 1147 997 1211 lixa
1020 1144 1195 1220 manebat,
1217 1143 1302 1206 licet

352 1251 406 1317 vis
420 1269 587 1334 aquarum
604 1250 843 1316 inundantium
863 1249 959 1313 illam
979 1245 1144 1330 repellere
1163 1243 1303 1307 molire-

353 1357 422 1416 tur.
468 1349 571 1428 Quod
585 1369 662 1414 cum
680 1350 924 1432 cognovissent
934 1345 1111 1421 Saraceni,
1120 1342 1301 1407 machinas

355 1469 417 1514 sex
442 1458 628 1514 erexerunt
651 1468 755 1532 super
784 1458 897 1514 turres
923 1446 1076 1512 civitatis
1102 1443 1146 1507 ad
1172 1443 1303 1506 iustru-

355 1557 508 1613 mentum
540 1549 625 1613 illud
656 1548 933 1626 concutiendum,
968 1546 1029 1610 sed
1063 1563 1132 1608 una
1163 1542 1302 1606 caeteris

355 1639 580 1731 perniciosior
594 1657 674 1732 post
688 1668 818 1731 paucos
833 1648 924 1713 ictus
946 1645 1124 1711 confracta
1145 1643 1277 1726 quievit
1292 1662 1302 1723 ;

355 1767 419 1812 nec
442 1755 556 1812 tamen
588 1755 824 1825 cessaverunt,
849 1748 910 1813 sed
945 1747 1021 1811 sine
1047 1742 1302 1808 intermissione

356 1849 512 1912 emittere
534 1859 715 1931 coeperunt
736 1849 875 1912 crebros
897 1845 1029 1929 lapides
1051 1853 1087 1909 et
1103 1844 1303 1907 damnosos.

357 1947 433 2013 Nec
461 1948 496 2011 in
523 1948 646 2011 minori
675 1949 828 2031 periculo
853 1946 948 2030 prior
970 1945 1082 2022 navis,
1109 1943 1212 2027 hujus
1230 1959 1302 2005 ma·

355 2046 465 2111 chinae
483 2049 589 2125 socia,
607 2048 652 2111 ad
669 2048 790 2130 pedem
813 2047 918 2112 turris
939 2045 1096 2110 substitit
1108 2043 1303 2121 collocata3

356 2165 436 2210 uam
462 2146 553 2228 ignis
586 2146 743 2224 Graecus,
769 2147 811 2211 de
838 2147 925 2211 turri
951 2146 1083 2210 eminus
1111 2142 1305 2228 projectus,

355 2246 507 2310 fulminis
532 2247 644 2311 instar
668 2248 809 2312 veniens
833 2265 998 2329 pavorem
1023 2263 1092 2308 non
1122 2242 1301 2305 minimum

356 2345 515 2409 fidelibus
537 2347 693 2423 incussit,
716 2347 776 2412 sed
799 2367 860 2431 per
882 2347 1050 2430 liquorem
1069 2349 1244 2408 acetosum
1261 2360 1304 2405 ac

354 2444 514 2508 sabulum
534 2452 569 2510 et
586 2448 811 2511 exstinctoria
836 2453 963 2511 caetera
991 2444 1227 2509 laborantibus
1249 2449 1304 2505 est

356 2545 575 2608 subventum.
621 2545 733 2623 Tunc,
747 2546 839 2612 facto
856 2545 988 2610 insultu
1004 2544 1170 2608 acerrimo
1185 2542 1230 2606 ab
1246 2541 1301 2604 his

356 2645 416 2726 qui
432 2644 697 2711 instrumentum
712 2648 879 2729 regebant
892 2644 1142 2729 supradictum,
1159 2643 1302 2727 jacebat

355 2743 554 2824 patriarcha
570 2753 651 2810 aute
667 2746 801 2828 lignum
823 2747 935 2810 crucis
953 2751 1148 2828 prostratus
1170 2743 1206 2805 in
1230 2747 1301 2805 ter—

356 2861 442 2920 ram,
469 2851 633 2927 stansque
660 2845 772 2909 clerus
797 2847 898 2936 nudis
923 2844 1067 2928 pedibus
1087 2842 1248 2908 clamavit
1263 2842 1300 2904 in

357 2942 489 3007 caelum.
542 2944 679 3010 Inimici
704 2947 816 3010 crucis
838 2953 874 3010 et
895 2945 1000 3010 turris
1023 2942 1219 3007 defensores
1240 2961 1302 3005 ex·

357 3043 464 3105 tensis
491 3043 620 3108 lanceis
647 3047 854 3109 anteriorem
885 3045 989 3109 scalae
1021 3050 1154 3127 partem
1184 3061 1321 3125 asper--

356 3150 474 3208 serunt
495 3143 584 3222 oleo,
604 3164 645 3209 ac
672 3145 794 3209 deinde
815 3146 930 3226 ignem
954 3143 1117 3208 Graecum
1139 3143 1304 3206 adhiben-

357 3247 409 3305 tes
431 3242 560 3307 scalam
582 3245 832 3326 accenderunt;
856 3245 917 3308 sed
940 3244 1057 3308 fideles
1079 3242 1220 3319 Christi,
1242 3242 1302 3324 qui

356 3341 450 3406 intus
477 3351 587 3421 erant,
614 3345 660 3408 ad
681 3346 773 3428 ignis
799 3344 1058 3408 suffocationem
1081 3349 1300 3406 accurrentes

356 3460 420 3505 suo
452 3443 602 3524 pondere
636 3453 741 3528 caput
773 3446 877 3509 scalae
909 3445 1162 3526 depresserunt,
1187 3443 1239 3506 ita
1262 3448 1303 3504 ut

355 3559 443 3620 pons
476 3541 647 3606 tornatilis
675 3544 780 3609 fronti
812 3546 917 3609 turris
948 3542 1127 3626 appositus
1157 3540 1302 3604 inclina-

356 3645 452 3701 retur
468 3639 638 3704 doorsum.
691 3643 841 3725 Signifer
857 3643 954 3706 ducis
972 3643 1125 3706 Austriae
1144 3640 1186 3704 de
1208 3641 1303 3704 scala

356 3738 497 3814 corruit,
519 3749 554 3803 et
576 3743 704 3822 pagani
728 3743 895 3807 vexillum
923 3741 1021 3806 ducis
1044 3760 1121 3806 cum
1145 3740 1303 3803 irrisione

356 3837 528 3916 tuleruut3
556 3858 593 3902 se
612 3841 735 3904 vicisse
752 3843 1004 3919 existimantes,
1022 3839 1202 3904 vociferati
1223 3847 1304 3904 suut

356 3935 506 4001 clamore
537 3939 653 4016 nimio,
687 3959 801 4004 aerem
833 3940 1056 4007 verberando.
1116 3938 1305 4004 Christiani

356 4053 449 4111 vero,
465 4034 529 4101 boc
546 4038 633 4115 viso,
648 4040 691 4102 ad
710 4040 999 4123 supplicationem
1015 4059 1053 4104 se
1067 4046 1304 4121 prosternunt,

355 4134 606 4219 complosisque
637 4139 796 4204 manibus
829 4141 1016 4205 Dominum
1041 4142 1203 4205 invocare
1236 4158 1304 4202 non
