2864 4866
412 436 552 485 nunnus
576 436 845 488 nrsronrnnuu.
1035 423 1099 489 161

146 612 222 656 mus
245 593 477 678 impleturum,
500 603 535 660 et
557 603 681 679 sponte
703 596 954 661 consentiens
944 616 980 660 1n
1002 617 1039 662 se
1062 605 1164 703 etpv
1176 612 1232 652 ¹2²⁸

147 713 291 775 regnum
308 714 410 759 suum
428 696 508 760 ferri
525 697 732 761 sententiam
750 698 779 759 si
796 696 869 760 haec
883 716 952 762 non
968 698 1096 764 fuerint
1108 663 1233 754 ωῗιῖιῗῗῖἷῖ

149 793 344 860 observata.
397 794 556 873 Qualiter
578 804 692 861 autem
715 796 791 859 haec
813 797 1016 879 impleverit,
1033 799 1095 862 ad·
1107 764 1257 813 mmmm

146 900 284 975 vertas,
311 914 392 961 nam
407 916 484 961 cum
502 897 546 961 ad
568 896 643 979 ejus
661 896 875 978 frequentem
891 899 1095 962 instantiam

147 994 256 1059 multa
276 1014 377 1060 cruce
397 997 612 1078 signatorum
628 997 749 1074 millia,
773 1017 835 1078 per
858 1000 1094 1062 excommuni-

147 1095 293 1159 cationis
317 1097 523 1160 sententiam
552 1097 731 1176 coarctati,
756 1097 792 1160 in
819 1098 965 1162 termino
989 1098 1094 1163 desti-

83 1190 87 1196 '
147 1201 230 1260 nato
263 1195 308 1259 ad
341 1203 479 1280 portum
509 1196 696 1260 Brundusii
727 1205 982 1279 properassent,
1013 1200 1096 1281 quia

147 1296 295 1375 gratiam
323 1315 421 1360 suam
444 1297 633 1380 imperator
654 1298 876 1360 subtraxerat
896 1298 1096 1362 civitatibus

148 1393 218 1459 fere
244 1397 379 1460 cunctis
407 1397 444 1460 in
470 1399 640 1479 portubus
664 1397 874 1474 constitutis
900 1403 936 1461 et
959 1398 1049 1461 idem
1074 1417 1095 1462 a

147 1495 405 1577 praedecessore*
417 1505 537 1562 nostro
551 1517 592 1560 ac
609 1498 742 1561 anobis
757 1496 970 1579 frequentius
984 1499 1095 1562 moni-

149 1602 217 1673 tus,
232 1602 273 1660 ut
287 1596 471 1679 diligenter
492 1604 633 1679 pararet
649 1598 777 1673 omnia,
791 1605 826 1660 et
840 1597 998 1676 fideliter,
1016 1618 1094 1681 quae

150 1696 394 1785 spoponderat,
408 1696 624 1780 adimpleret,
640 1697 715 1780 ipse
732 1697 997 1781 praemissorum,
1016 1718 1094 1780 quae

147 1795 219 1859 sedi
241 1798 442 1879 apostolicae
465 1806 500 1862 et
515 1817 616 1861 cruce
640 1798 787 1879 signatis
811 1817 874 1881 per
891 1798 1095 1881 praedicato-

146 1915 201 1959 res
219 1903 256 1960 et
274 1897 393 1962 literas
415 1917 496 1962 suas
516 1898 646 1962 fecerat
667 1897 710 1960 de
733 1897 919 1981 sponsione
941 1897 1096 1981 passagii

145 1998 416 2062 necessariorum
440 2005 476 2063 et
502 1999 627 2075 victus,
655 2016 727 2062 suae
758 1997 880 2062 salutis
905 1999 1096 2075 immemor,

147 2097 278 2161 tamdiu
309 2098 345 2161 in
378 2099 491 2164 aestivi
519 2098 664 2163 fervoris
696 2097 856 2162 incendio
888 2099 925 2160 in
954 2099 1095 2179 regione

147 2197 267 2261 mortis
292 2205 328 2262 et
351 2199 440 2263 aeris
462 2199 660 2282 corruptela
684 2198 832 2262 detinuit
859 2197 1096 2263 Christianum

147 2299 348 2376 exercitum,
371 2306 497 2364 utnon
518 2299 629 2362 solum
646 2317 773 2380 magna
794 2317 876 2380 pars
899 2298 1021 2380 plebis,
1037 2319 1095 2363 ve-

147 2416 222 2465 rum
253 2400 358 2464 etiam
388 2418 455 2464 non
483 2399 619 2464 modica
648 2397 834 2463 multitudo
852 2398 1030 2462 'nobilium
1061 2406 1097 2465 et

145 2507 360 2580 magnatum,
374 2499 583 2582 pestilentia,
606 2498 682 2563 sitis
705 2498 877 2575 ariditate,
892 2498 1024 2562 ardoris
1041 2499 1095 2562 in-

147 2599 280 2678 cendio,
308 2619 349 2664 ac
371 2600 489 2664 multis
519 2597 858 2664 incommoditatibus
892 2599 1095 2682 exspiravit,

147 2699 237 2764 inter
270 2720 358 2784 quos
386 2699 586 2765 defecerunt
612 2701 713 2763 bonae
744 2699 917 2762 memoriae
943 2700 1096 2782 episcopi

148 2797 411 2882 Andagavensis
441 2807 477 2864 et
501 2797 746 2882 Augustensis.
799 2798 887 2862 Pars
916 2819 999 2863 vero
1026 2819 1096 2865 non

147 2900 282 2965 modica
308 2900 509 2965 infirmitate
541 2906 689 2982 gravata
719 2899 915 2979 regrediens
952 2899 988 2962 in
1019 2900 1096 2976 viis,

148 3001 184 3065 in
217 3001 314 3065 silvis
344 3007 380 3065 et
411 3000 577 3084 planitiis,
615 3001 652 3063 in
685 2999 859 3062 montibus
891 3005 925 3062 et
957 2999 1097 3082 spelun-

148 3101 209 3180 cis,
240 3101 401 3166 occubuit
424 3100 499 3184 jam
525 3120 567 3164 ex
595 3101 706 3183 parte.
758 3098 849 3162 Sane
873 3098 1011 3180 reliqui,
1035 3099 1096 3167 vix

146 3204 289 3266 obtenta
304 3202 455 3276 licentia,
478 3201 559 3265 licet
581 3201 716 3283 galeiae,
739 3198 947 3275 chelandrae,
970 3216 1011 3261 ac
1034 3218 1096 3262 na·

146 3322 207 3367 ves
233 3301 442 3376 sufficientes
470 3301 514 3365 ad
537 3302 720 3365 transitum
747 3299 962 3374 victualium,
987 3297 1096 3360 homi-

146 3422 228 3466 num
254 3409 290 3473 et
317 3421 493 3484 equorum,
521 3408 560 3466 ut
589 3401 806 3484 promiserat,
833 3417 902 3463 non
924 3396 1097 3474 adessent,

147 3504 183 3567 in
200 3502 289 3568 festo
303 3509 418 3567 tamen
436 3502 548 3565 beatae
563 3500 732 3582 Virginis,
750 3519 827 3564 cum
840 3498 916 3583 jam
931 3498 1096 3582 temporis

145 3602 313 3667 instantia
338 3601 533 3665 immineret
562 3607 601 3664 ut
624 3618 730 3664 naves
756 3599 994 3663 transmarinis
1018 3617 1097 3680 par.

148 3704 240 3767 tibus
265 3701 456 3783 inciperent
480 3718 644 3776 remeare,
666 3699 801 3763 sulcare
824 3699 935 3762 maria
955 3698 1096 3763 inchoa-

145 3810 238 3880 runt,
261 3801 321 3866 sed
344 3821 407 3885 pro
427 3799 564 3864 nomine
581 3799 605 3862 J
608 3819 669 3863 esu
690 3797 819 3862 Christi
844 3818 882 3862 se
907 3797 1096 3862 discrimini

145 3909 400 3979 concurrentes,
416 3920 457 3965 ac
481 3899 658 3963 credentes
677 3899 919 3980 imperatorem
941 3899 1097 3962 cominus

146 4002 264 4069 eorum
280 4003 430 4084 vestigia
444 4006 654 4065 secuturum.
693 3999 791 4062 Idem
808 4017 903 4074 vero,
919 3999 1097 4062 evacuatis

145 4103 442 4189 promissionibus,
464 4101 576 4182 ruptis
599 4099 746 4163 vinculis
768 4098 893 4180 quibus
916 4098 1099 4163 tenebatur

145 4203 320 4280 astrictus,
345 4202 479 4267 calcato
494 4200 617 4264 timore
641 4200 770 4276 divin0,
785 4203 984 4278 contempta
1000 4217 1098 4263 reve·

193 4320 273 4368 VOL.
289 4319 337 4367 lv.
920 4313 946 4359 M

886 4397 898 4421 ι
