2864 4866
442 441 582 490 rconss
606 441 878 490 nrsronrnnuu.
1093 424 1138 488 85

185 597 415 678 Walensium,
455 599 489 664 in
527 621 631 665 manu
660 601 741 666 forti
771 601 863 684 cepit
891 602 960 666 duo
992 600 1137 666 castella
1150 620 1205 660 nn.
1217 621 1272 659 ηπ.

185 699 341 781 praedicti
363 700 543 779 Willelmi,
565 711 601 767 et
622 721 741 766 omnes
764 722 851 784 quos
873 703 909 767 in
932 703 982 766 eis
1004 702 1137 766 invenit

182 800 356 882 capitibus
373 802 503 884 privari
518 802 613 879 fecit,
628 810 664 866 et
679 803 849 885 impositis
864 802 900 865 in
917 802 1044 866 eisdem
1060 822 1137 866 cas·

186 899 278 964 tellis
300 901 524 967 walensibus
550 903 624 966 suis
646 904 800 967 recessit.
852 902 931 979 Sed,
957 922 1035 967 cnm
1057 911 1138 986 post

184 999 258 1064 dies
280 1021 411 1084 paucos
435 1003 478 1068 ad
499 1004 658 1068 notitiam
680 1002 837 1086 praedicti
861 1002 1059 1067 Marescalli
1082 1023 1137 1067 res

183 1109 285 1182 gesta
310 1103 538 1185 pervolasset,
559 1103 661 1167 rediit
680 1123 759 1168 cum
773 1102 995 1168 festinatione
1010 1104 1046 1167 in
1062 1102 1136 1167 An·

185 1201 309 1283 gliam3
329 1195 501 1268 ¹exercitu
515 1224 643 1286 magno
654 1212 878 1287 congregato,
892 1204 1037 1269 castella
1050 1223 1138 1286 prae·

185 1300 279 1366 dicta
309 1304 444 1369 obsedit
472 1313 507 1369 et
531 1305 645 1387 cepit;
677 1312 713 1369 et
740 1306 822 1389 quia
848 1303 1013 1368 Loelinus
1041 1305 1136 1386 prius

184 1422 304 1467 omnes
327 1403 482 1469 homines
505 1405 717 1483 Marescalli,
739 1425 827 1488 quos
850 1405 886 1467 in
909 1404 1061 1469 castellis
1082 1424 1137 1467 ce·

185 1511 297 1586 perat,
328 1506 500 1588 capitibus
528 1506 719 1588 amputatis
747 1505 979 1582 interfecerat,
1000 1505 1136 1570 Willel-

186 1623 263 1668 mus
292 1604 519 1670 Marescallus
544 1606 768 1670 Walensibus
794 1605 957 1671 talionem
991 1605 1137 1670 reddens

184 1723 303 1769 eorum
337 1706 453 1789 capita
480 1706 679 1771 detruncari
709 1706 816 1786 secit3
857 1713 893 1770 ct
923 1705 1057 1783 deinde,
1092 1706 1134 1769 ad

183 1805 350 1889 maj0rem
367 1806 566 1884 vindictam,
585 1814 713 1872 terram
731 1806 866 1871 Loelini
888 1806 1061 1870 hostiliter
1081 1807 1135 1869 in-

183 1925 325 1987 gressus
346 1906 427 1989 igne
450 1916 485 1972 et
506 1907 598 1972 ferro
621 1927 768 1991 quaeque
791 1908 857 1971 sibi
880 1907 984 1970 obvia
1012 1906 1136 1970 devas-

184 2007 285 2070 tavit.
347 2006 451 2086 Qnod
492 2008 636 2073 audiens
680 2007 844 2071 Loelinus
888 2006 983 2071 venit
1016 2015 1137 2070 contra

188 2105 434 2172 Marcscallum
460 2108 497 2172 in
525 2109 728 2174 fortitudine
753 2109 876 2190 gravi3
909 2106 970 2171 sed
1002 2106 1137 2170 Mares·

184 2206 308 2285 callus,
337 2207 453 2273 Marte
475 2209 542 2273 sihi
563 2209 725 2292 propitio,
750 2208 867 2272 hostes
895 2208 1021 2272 acriter
1039 2207 1138 2270 inva-

186 2306 283 2386 dens,
300 2309 417 2373 multis
432 2330 477 2374 ex
495 2309 717 2375 Walensibus
739 2308 940 2385 intersectis
962 2326 1081 2372 omnes
1101 2308 1137 2370 in

185 2407 304 2491 fugam
336 2410 462 2492 coegit,
500 2430 589 2493 quos
630 2409 859 2474 Marescallus
889 2415 1049 2491 potenter
1083 2408 1136 2471 in·

185 2516 324 2574 secutus
361 2510 678 2575 immisericorditer
718 2510 932 2588 trucidavit3
975 2509 1138 2573 aestimati

186 2616 270 2674 sunt
296 2618 413 2674 autem
438 2612 609 2676 interfecti
642 2619 678 2675 et
703 2609 851 2675 vinculis
881 2609 1068 2692 mancipati
1094 2610 1137 2672 ad

187 2728 311 2774 novem
336 2711 445 2776 millia
464 2711 654 2789 hominnm,
672 2711 890 2795 paucissimis
912 2730 957 2773 cx
977 2710 1137 2773 omnibus

186 2830 249 2893 per
275 2811 394 2893 sugam
420 2812 557 2895 elapsis.
603 2813 733 2876 Eodem
761 2831 864 2888 anne,
892 2809 984 2875 circa
1012 2809 1137 2873 festum

189 2909 381 2976 Dominicae
400 2913 623 2992 ascensionis,
638 2907 834 2978 ²Walterus
858 2910 1139 2974 Malus-clericus

187 3020 409 3077 consecratus
434 3021 488 3078 est
515 3013 745 3078 Carleolensis
770 3013 952 3094 episcopus
978 3030 1039 3092 per
1064 3029 1137 3072 ma·

186 3132 270 3176 num
290 3112 452 3192 Walteri,
475 3114 701 3179 Eboraccnsis
723 3110 984 3193 archiepiscopi.
1037 3108 1139 3173 Circa

187 3212 278 3276 idem
306 3220 442 3296 tempus
478 3216 636 3298 prorupit
668 3216 782 3279 oleum
821 3209 1069 3274 lucidissimum
1102 3210 1138 3272 in

188 3332 315 3395 magna
341 3314 487 3379 ecclesia
511 3315 603 3398 apud
626 3315 821 3379 Eboracum
844 3312 886 3375 de
908 3311 1026 3375 tumba
1047 3310 1139 3373 beati

188 3413 366 3492 Willelmi,
399 3414 554 3499 ejusdem
582 3416 736 3480 ecclesiae
764 3411 938 3496 quondam
970 3409 1138 3492 archiepi-

188 3515 297 3597 scopi.
336 3515 468 3579 Eodem
485 3534 575 3580 anno
593 3516 717 3580 Romae
732 3515 822 3597 pluit
842 3521 934 3577 terra
949 3511 1140 3593 sanguinea

188 3634 251 3698 per
268 3622 337 3679 tres
353 3616 439 3694 dies,
456 3615 705 3680 admirantibus
721 3615 850 3678 multis

227 3816 396 3883 ¹Ecercitu.]
423 3818 477 3868 The
499 3832 655 3872 summonses
714 3813 863 3866 ’Walterur
877 3810 1095 3872 Malus-clericus]
1117 3810 1142 3857 lt

191 3890 279 3940 issued
290 3890 378 3952 hythe
389 3890 452 3952 king
463 3896 489 3939 to
504 3891 547 3940 the
563 3891 654 3938 burons
680 3901 788 3948 appears
795 3886 857 3934 from
866 3899 882 3933 a
892 3885 966 3932 letter
974 3880 1003 3929 ol
1012 3882 1051 3929 his
1063 3881 1143 3940 print-

191 3961 242 4011 and
263 3960 306 4009 the
327 3975 399 4023 army
418 3965 444 4009 to
465 3965 532 4010 meet
552 3960 605 4009 him
628 3964 655 4008 at
679 3958 712 4006 ed
729 3959 754 4005 in
773 3958 875 4016 Kymar,
892 3955 910 4004 i.
928 3968 954 4014 p.
972 3955 1029 4011 120,
1040 3950 1094 3998 that
1111 3950 1142 3997 he

192 4030 352 4094 Gloucester,
380 4031 446 4080 aiter
473 4032 515 4080 the
536 4031 606 4092 siege
630 4029 659 4080 oi
681 4020 1143 4084 waslohn'smessengertothecourt

192 4101 281 4151 Builtb
296 4101 386 4164 casile,
405 4116 449 4151 are
468 4103 495 4151 in
514 4103 617 4163 Rymer,
636 4101 654 4150 i.
680 4098 710 4146 oi
718 4099 837 4158 Rome,to
845 4109 924 4156 argue
935 4093 975 4140 his
984 4105 1061 4139 cause
1072 4090 1142 4139 there

192 4187 221 4236 p.
233 4176 290 4222 170.
681 4170 782 4231 against
793 4167 835 4217 the
847 4166 938 4214 harons
950 4163 975 4212 in
988 4165 1061 4211 1214.
