2864 4866
396 416 535 464 anonas
559 417 828 466 nrsronmnun.
1064 406 1087 468 5

135 593 210 636 cnm
224 593 245 638 a
258 569 364 639 ¹festo
379 577 492 640 sancti
510 577 655 641 Martini
671 595 780 660 usque
794 579 836 641 ad
850 578 975 641 festum
991 579 1083 641 beati
1096 597 1151 638 nn.
1162 600 1219 638 ine.

134 673 274 738 Nicolai
292 675 465 740 laborioso
482 677 584 739 nimis
602 684 742 760 sumptu
759 678 884 741 ibidem
901 677 1082 754 sedissent,

132 773 354 841 reddiderunt
374 775 560 841 Lodowico
581 778 818 859 municipium,
841 778 949 843 salvis
972 777 1082 840 inclu-

132 874 180 938 sis
209 876 310 940 rebus
342 877 414 939 suis
446 896 524 940 cum
557 878 655 959 equis
686 885 722 940 et
749 879 865 943 armis
930 876 1082 941 Reddito

133 974 251 1056 itaque
281 976 479 1058 municipio,
512 976 614 1058 petiit
643 976 729 1039 illud
764 977 939 1041 Robertus
971 976 1080 1039 filius·

133 1072 293 1151 Walteri,
316 1074 433 1139 dicens
465 1075 658 1139 custodiam
683 1076 776 1140 illius
806 1076 850 1141 ad
879 1097 958 1140 eum
990 1077 1080 1141 anti-

133 1193 202 1256 quo
229 1174 309 1257 jure
341 1183 523 1257 spectare3
558 1183 595 1239 at
621 1175 838 1253 Lodowicus,
870 1196 948 1240 cum
977 1196 1081 1259 super

133 1271 198 1336 hoc
214 1292 235 1336 a
253 1274 480 1356 Franoigenis
496 1275 676 1340 consilium
693 1277 924 1358 quaesivisset,
940 1296 1081 1358 respon-

132 1391 209 1436 sum
242 1381 296 1438 est
318 1375 362 1451 ei,
390 1376 481 1456 quod
508 1373 616 1455 Angli
645 1396 714 1440 non
745 1383 845 1440 erant
871 1375 967 1458 digni
992 1376 1080 1440 tales

132 1473 258 1537 babere
280 1474 469 1552 custodias,
493 1476 552 1557 qui
577 1474 708 1558 proprii
733 1475 862 1540 domini
887 1476 1080 1559 proditores

132 1573 283 1639 fuerunt.
334 1573 434 1638 Tunc
471 1573 676 1639 Lodowicus
709 1576 802 1640 dicto
838 1576 994 1639 Roberto
1026 1594 1080 1639 re·
1123 1590 1127 1595 ’

133 1673 284 1756 spondit,
318 1681 357 1738 ut
391 1675 563 1757 patienter
598 1675 785 1740 sustineret
817 1675 938 1750 donec,
973 1694 1081 1756 regno
1172 1755 1176 1763 .

133 1773 333 1857 subjugato,
358 1773 505 1856 singulis
531 1774 688 1838 redderet
710 1775 793 1858 jura
822 1794 896 1839 sua
950 1775 1080 1838 Eodem

132 1882 299 1956 ternpore,
312 1875 348 1937 in
359 1868 433 1938 ²die
447 1875 559 1938 beatae
573 1872 771 1938 Catharinae
783 1875 926 1955 virginis
944 1882 979 1937 et
989 1893 1080 1936 mar-

133 1975 231 2056 tyriS,
252 1975 362 2038 exivit
381 1974 423 2037 de
443 1992 580 2037 carcere
602 1974 727 2037 nobilis
748 1974 803 2037 vir
821 1972 1017 2038 Willelmus
1039 1972 1081 2036 de

133 2072 311 2149 Albeneio,
338 2073 431 2137 facto
456 2073 553 2155 prius
576 2073 643 2136 fine
669 2093 732 2155 pro
758 2073 993 2156 redemptione
1018 2091 1082 2136 sua

133 2193 196 2236 sex
219 2173 364 2236 millium
386 2192 601 2252 marcarum3
628 2174 700 2256 qui,
716 2173 809 2236 facto
828 2172 990 2253 homagio
1006 2173 1081 2253 regi

135 2272 301 2350 Henrico,
322 2272 465 2336 tradidit
486 2273 518 2335 ei
540 2272 630 2336 idem
657 2293 720 2336 rex
747 2273 927 2336 castellum
952 2271 994 2334 dc
1015 2272 1081 2335 La·

90 2455 96 2464 ⁸
135 2372 202 2436 fort
237 2373 280 2436 ad
320 2372 592 2449 custodiendum,
628 2373 720 2456 quod
750 2372 810 2437 ille
845 2371 1083 2436 strenuissime

133 2472 332 2537 custodivit

282 2648 331 2712 Da
346 2649 486 2733 captione
502 2650 622 2714 castelli
636 2649 673 2713 da
688 2649 930 2714 Barcbomstada.

184 2773 390 2857 Subjugato,
409 2781 448 2838 ut
469 2774 599 2840 dictum
618 2781 683 2852 est,
701 2774 889 2856 municipio
909 2772 951 2836 de
976 2771 1084 2837 Hert·
1096 2805 1227 2853 naum,

136 2872 214 2949 fort,
252 2873 458 2938 Lodowicus
496 2877 532 2939 in
571 2874 626 2938 die
667 2874 779 2938 sancti
817 2873 956 2938 Nicolai
992 2872 1083 2955 apud
1096 2854 1233 2956 {Qilfigfiffi‘b

135 2972 401 3038 Bercbamstede
418 2975 599 3039 castellum
616 2994 654 3038 se
670 2973 848 3037 conferens
863 2971 948 3036 illud
966 2972 1085 3035 cuneis

134 3072 340 3138 militaribus
356 3075 608 3138 circumcinxit,
662 3073 816 3139 Barones
833 3092 916 3136 vero
931 3070 1084 3151 Angliae,

134 3173 206 3255 qui,
222 3173 368 3255 jubente
390 3173 586 3250 Lodowico,
605 3193 627 3237 a
641 3179 741 3256 parte
764 3173 869 3235 castri
890 3171 1085 3252 aquilonari

135 3273 200 3335 sub
219 3272 350 3336 foresta
369 3275 520 3338 tentoria
543 3292 609 3336 sua
631 3277 838 3348 statuerant,
859 3279 894 3335 et
913 3272 1005 3334 circa
1023 3269 1085 3333 illa

135 3371 327 3436 ordinanda
349 3373 497 3436 ministri
521 3379 556 3437 et
579 3373 768 3436 servientes
795 3378 909 3434 essent
932 3370 1084 3446 solliciti,

134 3473 294 3536 exierunt
322 3473 365 3536 de
398 3473 541 3537 castello
570 3473 696 3535 milites
726 3479 761 3534 et
783 3471 973 3534 servientes
1006 3489 1083 3533 cum

134 3571 278 3654 impetu,
310 3579 357 3649 et,
397 3573 551 3636 sarcinas
586 3573 755 3635 baronum
784 3578 820 3633 et
851 3570 950 3651 bigas
985 3569 1085 3634 inva-

134 3669 267 3748 dentes,
285 3673 450 3736 vexillum
468 3671 636 3736 Willelmi
659 3670 701 3734 de
723 3670 761 3732 M
765 3669 938 3733 andevilla
961 3687 1084 3752 rapue-

133 3778 214 3834 runt
243 3779 279 3835 et
307 3791 425 3835 secum
456 3777 667 3836 revertentes
700 3771 736 3832 in
768 3769 949 3833 castellum
984 3769 1083 3832 detu-

133 3870 259 3948 lerunt,
291 3871 497 3953 poenitentia
523 3870 630 3946 ducti,
658 3870 748 3951 quod
780 3867 987 3932 adversariis
1010 3886 1083 3930 ma-

128 3969 210 4052 jora
232 3991 303 4035 non
326 3978 515 4053 potuerunt
535 3970 660 4033 inferre
683 3968 899 4032 detrimenta.
954 3967 1084 4030 Eodem

169 4146 284 4212 ¹Ferto.]
301 4149 376 4197 From
384 4148 426 4196 the
436 4147 495 4196 rath
506 4145 535 4196 oi
543 4139 608 4194 No?
658 4142 731 4194 'Die
752 4144 827 4192 beutoe
851 4137 1020 4210 Cotbor·inoe,]
1043 4142 1086 4191 the

134 4221 236 4269 vember
246 4223 272 4268 to
283 4218 325 4267 tbe
336 4219 381 4267 oth
394 4218 423 4268 ol
432 4217 581 4267 December.
625 4214 724 4265 rethor
735 4214 887 4264 November.
