2864 4866
350 391 394 456 74
610 404 744 455 uocum
768 405 816 453 nn
839 402 1046 452 wunnovsn

191 585 247 624 nn.
258 585 314 624 1221.
352 563 474 630 tinenti
494 562 703 629 armavimus
725 561 770 633 ad
793 560 968 645 praedictis
993 558 1115 643 galeiis
1137 558 1301 624 resisten-

352 663 445 727 dum.
508 656 571 726 ¹Et
600 663 731 739 sciatis,
762 661 854 744 quod
889 659 1096 737 Coradinus,
1129 657 1302 724 Soldanus

353 763 530 840 Damasci,
557 768 769 844 congregata
800 760 1049 825 Saracenorum
1080 759 1303 823 multitudine

352 862 498 939 infinita,
537 861 749 944 comperiens
790 860 950 926 civitates
986 858 1110 925 Achon
1145 866 1182 924 et
1213 859 1302 940 Tyri

352 961 533 1025 militiast
556 961 686 1044 populo
716 960 782 1024 sibi
814 960 976 1024 resistere
1002 959 1133 1024 valenti
1161 959 1301 1040 penitus

352 1060 551 1137 destitutas,
570 1061 696 1126 damna
717 1059 785 1124 illis
808 1059 1016 1142 gravissima
1031 1057 1120 1123 clam
1134 1065 1170 1122 et
1184 1058 1302 1140 palam

352 1160 549 1243 frequenter
574 1160 702 1240 infert3
736 1165 817 1223 ante
844 1165 1013 1241 praeterea
1040 1165 1193 1222 castrum
1221 1176 1302 1221 nos-

353 1266 457 1337 trum,
483 1261 576 1342 quod
601 1257 867 1341 Peregrinarum
891 1255 1028 1335 dicitur,
1051 1257 1179 1339 saepius
1203 1256 1302 1320 veni-

353 1378 414 1423 ens
430 1378 495 1424 sua
512 1359 662 1424 tentoria
678 1359 769 1436 lixit,
786 1357 967 1441 dispendia
982 1357 1081 1421 nobis
1097 1355 1303 1420 multimoda

352 1457 553 1538 inferend03
581 1466 734 1524 castrum
757 1478 895 1541 quoque
919 1457 1088 1522 Caesareae
1111 1455 1302 1520 Palestinae

354 1557 515 1621 obsidens
546 1558 760 1642 subjugavit,
778 1557 949 1640 'quamvis
979 1557 1096 1639 plures
1128 1556 1302 1638 peregrini

353 1663 435 1721 tunc
460 1656 551 1739 apud
574 1656 696 1722 Achon
721 1664 947 1722 morarentur.
1000 1655 1173 1721 Craterum
1196 1675 1303 1719 nove-

354 1757 441 1834 ritis,
464 1758 557 1838 quod
581 1757 725 1840 Seraph,
750 1757 840 1821 filius
865 1756 1068 1839 Saphadini,
1092 1755 1199 1820 frater
1223 1755 1301 1819 Sol·

353 1855 521 1921 danorum
547 1857 738 1940 Babylonis
759 1865 794 1922 et
815 1856 993 1934 Damasci,
1015 1862 1137 1920 contra
1159 1855 1303 1919 Sarace-

355 1974 418 2020 nos
437 1956 621 2021 orientales
644 1957 681 2020 in
704 1956 909 2020 manuforti
931 1955 1098 2019 dimicans
1119 1954 1154 2019 in
1177 1962 1302 2037 poten·

354 2055 499 2120 tioribus
522 2057 587 2120 sibi
609 2056 856 2120 obsistentibus
875 2055 1021 2119 multum
1042 2054 1237 2136 praevaluit,
1261 2055 1303 2118 li-

354 2162 409 2219 cet
433 2175 501 2218 non
527 2155 570 2219 de
596 2155 767 2232 omnibus,
793 2155 888 2236 quia,
911 2153 1061 2218 Domino
1082 2162 1301 2236 procurante,

354 2253 397 2317 de
421 2252 514 2318 facili
542 2274 611 2318 non
638 2273 757 2319 omnes
783 2255 911 2338 poterit
935 2273 1123 2337 superare;
1155 2272 1249 2332 nam,
1272 2255 1303 2318 si

355 2373 515 2434 guerram
552 2354 647 2417 illam
683 2362 800 2437 posset
828 2354 872 2417 ad
910 2354 1067 2418 effectum
1103 2352 1302 2435 perducere,

355 2460 449 2517 terra
477 2451 673 2518 Antiochiae
703 2454 758 2519 vel
788 2453 952 2536 Tripolis,
982 2452 1197 2518 Achonensis
1227 2454 1303 2518 sive

356 2553 579 2634 AEgyptiaca,
600 2555 644 2617 ad
665 2573 917 2637 quamcumque
941 2553 1078 2617 illarum
1102 2553 1303 2632 declinaret,

356 2652 508 2716 maximo
532 2653 685 2734 periculo
709 2653 915 2737 subjaceret,
942 2659 989 2730 et,
1007 2652 1038 2716 si
1062 2651 1202 2734 aliquod
1226 2673 1303 2718 cas-

357 2757 488 2814 trorum
511 2753 903 2829 nostrorumobsidione
922 2752 1078 2827 vallaret,
1103 2752 1302 2817 nullatenus

356 2868 434 2912 eum
460 2869 619 2916 amovere
638 2871 841 2935 possemus;
867 2858 1093 2915 veruntamen
1116 2853 1210 2917 dicta
1231 2853 1302 2917 dis·

356 2949 470 3013 sensio
493 2952 658 3032 gaudium
682 2952 781 3015 nobis
802 2951 936 3015 confert
957 2959 992 3016 et
1014 2951 1178 3017 solamen.
1231 2953 1304 3017 Ex·

356 3051 589 3132 spectavimus
615 3059 785 3134 praeterea
807 3049 882 3134 jam
910 3050 968 3114 diu
998 3050 1241 3133 imperatorem
1267 3060 1304 3117 et

357 3149 488 3213 nobiles
521 3150 621 3228 aliea,
655 3171 717 3233 per
751 3169 838 3233 quos
868 3169 1045 3238 speramus
1076 3150 1235 3230 relevari,
1267 3153 1304 3215 in

356 3269 502 3331 quorum
536 3250 688 3315 adventu
719 3269 807 3332 opus
838 3250 1025 3314 multorum
1056 3250 1215 3314 manibus
1248 3253 1303 3316 in·

357 3347 518 3413 choatum
549 3350 594 3413 ad
629 3349 732 3415 finem
764 3369 942 3432 speramus
982 3350 1168 3431 perducere
1200 3358 1302 3434 opta·

356 3455 452 3527 tum3
482 3449 513 3511 si
538 3468 619 3512 vero
647 3449 689 3513 de
714 3469 775 3532 spe
799 3468 982 3514 succursus
1013 3448 1117 3533 hujus
1138 3450 1176 3513 in
1198 3471 1304 3533 prox-

356 3548 425 3610 ima
451 3554 585 3624 aestate,
607 3547 699 3629 quod
734 3549 836 3625 absit,
866 3549 1122 3628 frustraremur,
1154 3556 1303 3632 utraque

356 3654 461 3723 terra,
483 3645 593 3728 Syriae
622 3646 781 3712 videlicet
803 3655 839 3712 et
859 3649 1018 3732 AEgypti,
1041 3655 1112 3713 tam
1138 3650 1200 3714 illa
1223 3670 1302 3733 quae

357 3765 467 3827 nuper
484 3752 538 3809 est
557 3745 742 3828 adquisita,
760 3766 863 3828 quam
886 3748 947 3812 illa
964 3768 1043 3830 quae
1066 3749 1124 3812 diu
1142 3769 1303 3831 possessa

357 3850 421 3920 est,
441 3845 477 3908 in
495 3864 576 3910 casu
599 3853 681 3910 sunt
697 3845 801 3933 dubio
820 3838 1031 3912 constitutae
1086 3848 1162 3913 Nos
1184 3850 1304 3932 itaque

356 3951 391 4008 et
409 3944 487 4008 aliae
509 3952 629 4026 gentes
647 3947 842 4010 cismarinae
859 3953 912 4011 tot
928 3955 962 4012 et
979 3948 1086 4012 tantis
1109 3949 1303 4031 sumptibus

389 4120 442 4170 ¹Et
459 4121 565 4187 sciatis]
586 4123 710 4186 Compare
728 4124 849 4174 Barnard.
862 4123 996 4188 Thasum„
1015 4123 1149 4188 Muratori‚
1167 4125 1225 4173 Rer.
1243 4125 1303 4175 Ital.

355 4198 415 4242 tom.
427 4192 471 4242 vii.
484 4193 533 4243 col.
545 4197 601 4242 841.
