2864 4866
399 398 538 448 pronus
562 399 828 448 ursronmuun.
1020 382 1094 451 327

189 554 258 619 Per
288 554 379 620 idem
409 564 544 640 tempus
569 557 708 635 Petrus,
733 557 984 623 Wintonieusis
1012 559 1084 642 epi·
1097 569 1251 670 ghgbffifgfiof

137 673 276 736 scopus,
290 656 334 719 ad
351 658 551 721 mandatum
565 659 694 722 domiui
710 677 810 740 papae
827 651 991 721 ¹Romam
1007 679 1084 741 pro·
1097 671 1230 760 &nothum

136 753 247 818 fectus
260 763 325 833 est,
339 756 491 821 instante
516 758 724 822 solennitate
737 757 911 836 Paschali,
929 766 969 822 ut
980 779 1085 839 guer-
1096 731 1177 811 ῗῑοτῗιοῗ

138 855 315 938 ramejus
342 857 416 940 Jam
443 857 503 920 diu
539 865 662 922 contra
697 857 875 921 Romanos
904 877 1085 922 accensam

138 953 334 1033 ordinaret;
372 957 561 1021 eratenim
590 957 729 1040 juvenis
764 957 800 1020 in
830 958 995 1040 obsequio
1022 958 1086 1022 Ri-

138 1052 256 1117 chardi
272 1055 447 1136 magnifici
464 1056 641 1120 bellatoris
657 1064 761 1139 atque
775 1055 798 1119 J
800 1056 947 1120 ohannis
964 1077 1084 1139 regum

139 1151 289 1233 Angliae,
302 1174 381 1218 cum
400 1154 525 1237 quibus
547 1156 642 1238 prius
663 1155 830 1219 didicerat
848 1176 949 1219 usum
967 1157 1083 1222 loricae

136 1271 239 1334 quam
269 1254 476 1336 pontificalis
506 1255 668 1337 planetae,
701 1263 737 1319 et
768 1255 860 1319 acies
891 1264 1083 1321 castrorum

136 1352 317 1434 disponere
334 1373 440 1437 qnam
456 1355 599 1419 verbum
613 1355 693 1418 fidei
710 1355 908 1438 praedicare.

408 1530 457 1593 De
466 1529 689 1614 praedieatione
704 1529 814 1594 crucia

188 1650 268 1715 Hoc
282 1652 429 1744 denique
446 1673 547 1732 anno,
565 1655 624 1735 qui
638 1661 693 1718 est
707 1673 817 1718 annus
829 1661 973 1720 octavus
990 1662 1084 1738 post·
1096 1667 1245 1757 {0133an

135 1771 241 1834 quam
261 1754 459 1817 constitutae
478 1761 559 1818 sunt
573 1761 705 1836 treugae
723 1754 926 1818 decennales
940 1756 976 1818 in
992 1761 1085 1819 terra
1095 1768 1192 1807 crunde-

136 1852 370 1933 promissionis
397 1853 487 1918 inter
513 1853 710 1917 Romanum
731 1855 973 1936 imperatorem
1001 1855 1085 1918 Fre-

138 1951 289 2015 dericum
305 1961 341 2017 et
357 1953 561 2036 Babyloniae
582 1953 782 2031 Soldanum,
804 1953 896 2017 facta
910 1960 964 2017 est
977 1947 1083 2035 ²prae-

138 2050 264 2115 dicatio
292 2054 403 2116 crucis
430 2073 492 2134 per
520 2055 638 2118 orbem
663 2053 861 2116 universum
885 2052 1085 2117 Christiana

138 2149 204 2213 fide
234 2151 447 2232 insignitum,
484 2152 527 2215 ad
558 2153 857 2217 commonitionem
889 2160 924 2217 et
950 2153 1082 2216 instan-

137 2249 221 2313 tiam
237 2251 366 2315 domini
382 2270 480 2334 papae
497 2251 670 2334 Gregorii,
692 2253 751 2335 qui
772 2253 891 2317 literas
913 2253 950 2316 in
970 2251 1082 2317 diver·

137 2368 194 2412 sas
210 2350 302 2414 orbis
318 2358 435 2432 partes
449 2352 513 2415 sub
531 2351 597 2416 hac
614 2352 724 2416 forma
740 2351 887 2431 direxit3

445 2511 665 2591 Autkeuticum
670 2548 775 2612 popa.

187 2645 423 2733 ‘Gregorius³
447 2652 642 2734 episcopus,
659 2671 781 2716 servus
807 2671 983 2716 servorum
1005 2651 1084 2728 Dei,
1096 2664 1240 2719 Therone&

139 2751 309 2815 universis
323 2751 465 2814 Domini
483 2753 592 2816 nostri
606 2751 629 2815 J
632 2771 693 2816 esu
706 2751 835 2815 Christi
850 2752 1008 2815 fidelibus
1023 2772 1085 2834 per
1096 2719 1196 2808 Ῑοῗῖῗῖἶὲἓ
1203 2717 1240 2756 ‘¹¹⁰

141 2871 286 2931 regnum
306 2849 446 2934 Angliae
467 2852 677 2927 constitutis,
698 2851 742 2914 ad
766 2870 853 2933 quos
874 2851 984 2914 literae
1006 2851 1083 2915 istae

141 2952 373 3032 pervenerint,
395 2951 542 3014 salutem
569 2958 604 3014 et
623 2951 850 3033 apostolicam
873 2950 1085 3014 benedictio·

139 3070 228 3114 nem.
275 3049 409 3114 Rachel
426 3047 558 3135 [suum]
572 3050 692 3114 videns
707 3051 744 3113 in
758 3070 849 3115 verae
867 3051 948 3114 fidei
963 3051 1083 3132 cogui-

140 3150 233 3213 tione
244 3150 447 3232 principium
459 3151 728 3214 accrescentium
746 3151 782 3213 in
799 3150 959 3226 salutem,
971 3157 1006 3213 et
1021 3149 1083 3213 fili·

138 3269 236 3313 orum
250 3250 403 3313 dexterae
418 3251 476 3332 pia
490 3257 602 3314 mater
616 3257 739 3314 sancta
752 3249 914 3314 Romana
926 3250 1084 3325 ecclesia,

138 3349 236 3433 cujus
254 3369 382 3432 magna
399 3357 453 3414 est
468 3350 568 3433 quasi
591 3369 685 3414 mare
700 3350 743 3413 de
759 3369 831 3414 suae
850 3349 956 3432 prolis
977 3349 1083 3412 inter-

137 3450 279 3514 necione
304 3450 477 3525 contritio,
493 3469 613 3514 vocem
638 3448 908 3526 lamentationis,
924 3448 1026 3512 fletus
1049 3455 1085 3512 et

138 3550 253 3614 luctus
270 3549 383 3614 emisit
398 3549 567 3613 hactenus
578 3556 614 3613 et
627 3549 766 3626 emittit,
777 3568 880 3632 quam
896 3548 1009 3611 audiri
1025 3567 1084 3611 cu·

174 3749 294 3800 'Rmnom
314 3751 435 3816 profectur
455 3748 523 3811 eut]
552 3751 601 3800 ‘In
625 3751 669 3814 ing
696 3751 726 3801 of
750 3751 818 3800 John
843 3751 873 3800 os
895 3750 1016 3811 Vicenza,
1042 3763 1086 3798 see

138 3823 213 3884 cujus
228 3823 353 3870 auxilium
364 3822 468 3884 Petrus,
478 3822 602 3870 Wintoni-
626 3821 729 3882 Fleury,
740 3821 889 3870 Hist.Eccl.
901 3821 963 3869 xvii.
1113 3840 1117 3850 ·

138 3892 493 3954 eusisepiscopus‚grundcm
510 3906 601 3940 execu-
662 3888 855 3954 ³Gregorius.]
893 3891 1016 3951 Compare
1044 3889 1085 3938 the

138 3964 231 4011 tionem
248 3958 410 4029 (exereitum)
427 3961 459 4011 de
479 3962 601 4010 militibus
625 3961 699 4010 letter
709 3962 809 4023 printed
824 3962 850 4009 in
861 3961 902 4009 the
919 3959 1090 4009 collectiones

138 4038 165 4082 et
176 4033 314 4082 balistariis
325 4032 600 4093 usqueadPerusium
626 4031 755 4093 Councils,
776 4033 865 4081 xxviii.
893 4046 919 4092 p.
948 4033 1015 4090 8093
1043 4043 1086 4078 see

139 4098 278 4164 perduxit3’
297 4102 390 4151 Chron.
401 4102 496 4151 Duust.
508 4117 535 4162 p.
543 4105 600 4150 228.
626 4102 680 4149 also
703 4101 838 4163 Michaud‚
860 4105 918 4150 tom.
943 4102 977 4149 iv.
1000 4116 1025 4161 p.
1045 4103 1086 4161 51,

174 4169 365 4236 'Proedicutio.]
383 4172 432 4221 For
443 4172 485 4221 the
496 4171 601 4234 preach·
624 4186 689 4234 seqq.
