2864 4866
408 425 548 475 ruonus
571 424 841 474 ursrorrnnuu.
1035 409 1099 473 147

149 583 240 664 quod
268 582 353 661 dux,
379 584 554 668 requisitis
584 605 690 668 snper
714 584 789 650 baec
812 585 965 649 consiliis
987 592 1023 649 et
1044 605 1097 649 re·
1083 599 1165 690 'ian
1177 601 1232 690 ¹31⁷·

148 685 269 766 ceptis,
286 685 342 748 die
359 684 509 768 quodam
531 685 729 767 specialiter
754 686 798 749 ad
826 685 891 763 hoc
919 686 1143 792 assignatogff
1108 662 1204 790 roffio
1205 706 1246 740 tter

149 785 341 866 comparuit
364 804 481 850 coram
507 785 606 850 nobis
632 793 668 850 et
690 786 897 869 quibusdam
924 763 1146 850 nobilibus⁰ru
1145 754 1204 842 {aa

147 888 248 948 terrm
275 884 381 964 illins,
409 885 469 950 ubi
495 886 677 968 proposuit
707 886 843 969 publice
875 886 969 970 quod
1003 886 1098 950 vole-

149 984 211 1049 bat
242 992 400 1068 treugam
430 985 630 1068 infringere,
656 994 704 1063 et,
727 987 877 1068 qualiter
906 985 1028 1051 utilius
1056 1005 1098 1051 ac

148 1084 269 1149 melius
291 1085 327 1149 in
349 1085 415 1150 bac
444 1093 543 1169 parte
566 1085 697 1151 valeret
719 1087 916 1168 procedere,
944 1087 1098 1168 ipsorum

150 1184 317 1249 auxilinm
345 1193 381 1251 et
403 1185 583 1251 consilium
607 1186 826 1269 implorabat.
871 1186 1004 1250 Verum
1020 1206 1098 1250 cum

149 1284 217 1368 ipsi
231 1286 312 1349 duci
332 1293 368 1351 et
382 1286 588 1370 quibusdam
604 1285 809 1350 consiliariis
825 1287 898 1350 suis
914 1286 1099 1364 diceretur,

150 1385 241 1468 quod
254 1392 413 1469 treugam
427 1406 586 1470 rumpere
601 1387 831 1469 periculosum
847 1394 951 1464 esset,
962 1394 1009 1464 et,
1019 1407 1097 1451 cum

152 1484 273 1551 fuisset
295 1486 494 1570 juramento
524 1488 673 1564 firmata,
701 1488 840 1570 penitus
866 1487 1099 1564 inhonestum,

149 1587 411 1670 responderunt,
426 1587 519 1670 quod
533 1588 691 1652 dominus
714 1607 808 1670 papa
822 1589 1100 1652 excommunica·

150 1695 248 1752 verat
261 1707 381 1752 omnes
396 1707 497 1752 cruce
514 1688 683 1769 signatos,
701 1688 761 1771 qui
783 1689 821 1751 in
842 1689 910 1752 isto
933 1689 1098 1770 passagio

149 1807 218 1852 non
239 1789 439 1866 transirent,
468 1789 529 1872 qui
556 1789 688 1867 sciebat
716 1788 829 1853 adbuc
853 1795 1012 1869 treugam
1037 1806 1099 1870 per

149 1887 323 1953 biennium
348 1889 574 1967 duraturam;
598 1908 639 1953 ac
665 1908 727 1972 per
751 1888 817 1952 boc
843 1888 1098 1969 intelligebant,

150 1988 241 2071 quod
256 1989 396 2055 volebat
418 1997 576 2072 treugam
592 2008 662 2054 non
678 1988 821 2064 servari,
839 2007 903 2051 nec
920 1989 987 2069 ipsi
1003 2007 1098 2070 pere·

150 2089 241 2170 grini
270 2090 318 2154 ibi
342 2109 518 2154 remanere
544 2089 710 2155 volebant
736 2089 958 2170 aliquatenus
983 2088 1097 2152 otiosi.

151 2187 260 2254 Erant
275 2197 310 2254 et
325 2190 425 2253 multi
438 2190 497 2273 qui
514 2190 685 2266 dicebant,
702 2187 808 2272 quod,
830 2189 861 2251 si
883 2188 1100 2268 contingeret

152 2289 308 2354 recedere
325 2290 535 2374 peregrinos,
550 2297 630 2373 post
644 2307 816 2352 recessum
838 2308 957 2352 eorum
980 2288 1016 2352 in
1039 2306 1100 2351 eos

150 2389 369 2471 insurgerent
383 2390 557 2466 Saraceni,
576 2398 700 2471 treuga
712 2389 966 2453 nonobstante.
1019 2387 1099 2452 Mo·

150 2489 201 2554 vit
223 2498 393 2573 praeterea
414 2491 594 2573 quosdam,
617 2490 710 2572 quod
726 2488 919 2553 Coradinus
942 2507 1019 2551 cum
1037 2488 1099 2551 do-

151 2589 251 2654 minis
283 2590 326 2655 de
358 2589 500 2655 Haman
531 2598 567 2655 et
594 2589 638 2654 de
665 2589 804 2655 Camele
830 2595 865 2652 et
887 2590 930 2653 de
955 2586 1099 2670 Halapb

151 2691 390 2772 gravissimam
416 2690 558 2754 haberet
586 2709 758 2773 guerram,
781 2688 872 2752 unde
895 2689 975 2772 plus
996 2688 1100 2753 solito

150 2791 259 2868 timet,
285 2811 329 2855 ne
358 2791 435 2877 ipsa
464 2796 588 2873 treuga
610 2808 633 2853 a
660 2789 867 2854 Christianis
897 2788 1099 2870 frangatur;

151 2889 295 2974 quodsi
322 2890 432 2969 fieret,
451 2891 656 2956 credebatur
677 2888 769 2974 quod
793 2888 998 2964 Coradinus,
1021 2908 1099 2952 cum

150 2990 284 3056 videret
306 2992 440 3071 guerris
465 3012 503 3056 se
527 2991 681 3073 undique
706 2996 933 3066 coarctatum,
959 2988 1100 3053 deberet

150 3089 229 3156 inde
244 3091 477 3156 verisimiliter
497 3089 683 3174 procedere
700 3090 842 3154 verbum
859 3089 967 3170 pacis,
1021 3087 1099 3149 Ha-

150 3191 223 3256 bito
236 3190 346 3274 igitur
359 3192 528 3276 superbis
545 3191 650 3273 longo
665 3189 921 3254 deliberationis
933 3192 1099 3262 tractatu,

150 3290 290 3356 taudem
306 3310 397 3356 unus
418 3292 485 3357 fnit
500 3293 658 3356 omnibus
680 3290 823 3372 spiritus
838 3294 873 3352 et
888 3306 960 3352 vox
978 3305 1047 3350 una
1063 3286 1099 3349 in

151 3399 308 3457 sanctam
323 3393 464 3457 tendere
487 3392 676 3467 civitatem,
698 3408 802 3473 quam
819 3388 977 3452 dominus
993 3385 1016 3450 J
1020 3405 1099 3450 esus

152 3491 311 3557 Christus
344 3494 485 3576 proprio
513 3493 683 3573 sangnine
716 3487 951 3567 consecravit3
986 3493 1032 3563 et,
1060 3493 1100 3550 ut

152 3591 287 3658 facilior
318 3593 362 3656 ad
390 3612 466 3657 eam
495 3592 681 3656 baberetur
711 3607 883 3664 accessus
912 3587 978 3651 fuit
1006 3606 1100 3650 eom-

151 3693 300 3757 muniter
316 3693 521 3769 ordinatum,
540 3700 581 3757 ut
603 3693 713 3775 primo
731 3689 904 3764 Caesarea,
927 3694 963 3751 et
978 3686 1101 3751 deinde

152 3791 174 3856 J
178 3811 270 3875 oppa
285 3794 497 3870 muniantur,
520 3792 612 3874 quod
634 3798 714 3854 ante
733 3789 932 3873 passagium
952 3785 1102 3870 Augusti

152 3893 328 3976 sequentis
351 3893 472 3977 procul
495 3893 599 3956 dubio
619 3910 721 3974 posse
736 3890 809 3955 fieri
827 3888 1044 3970 sperabatur,
1068 3893 1103 3949 et

154 4000 236 4058 tunc
253 3992 376 4077 hyeme
396 3992 554 4077 sequenti
575 3993 611 4055 in
633 3992 772 4055 domum
790 3987 931 4054 Domini
953 4006 1030 4050 cum
1048 3987 1102 4067 ip·

153 4093 226 4157 sins
248 4092 422 4178 adjutorio
445 4095 607 4158 laetantes
628 4092 768 4156 valeant
794 4078 977 4174 proficisci.
1020 4085 1103 4148 Fuit

153 4201 269 4259 autem
300 4193 375 4258 baec
403 4194 580 4277 publicata
612 4192 765 4275 provisio
797 4195 899 4254 extra
927 4187 1102 4251 civitatem

953 4319 967 4352 ι.
984 4309 1000 4353 2
