2864 4866
404 428 544 481 rnonns
567 431 836 482 maronianum
1050 418 1095 483 53

144 593 230 664 tum,
247 580 317 651 non
338 586 404 652 nisi
424 589 500 654 sola
517 590 646 655 virtute
664 588 782 654 divina
804 590 1004 655 Damietam
1020 590 1093 658 fore
1105 609 1160 650 nn.
1172 609 1227 652 en.

143 687 358 770 capiendam,
381 689 472 753 unde
499 691 591 754 inter
615 689 744 754 multos
766 693 919 757 surrexit
938 712 1088 758 murmu·
1105 660 1220 751 diffidis

143 789 233 852 ratio
265 790 302 854 in
332 789 467 867 castris,
498 791 735 854 communibus
763 792 984 874 exigentibus
1012 813 1092 877 pec·

144 888 232 952 catis
262 895 298 953 et
325 888 506 953 discordiae
538 890 722 970 fomentis3
762 911 842 955 nam
875 893 1089 975 quorundam

143 987 210 1052 fuit
224 990 461 1072 praesumptio,
477 996 518 1053 ut
533 1010 611 1054 oum
633 989 799 1068 soldano,
814 992 874 1075 qui
896 1012 966 1056 non
988 993 1092 1075 longe

143 1106 167 1150 a
187 1089 310 1152 castris
334 1088 609 1155 Christianorum
636 1090 716 1154 fixis
742 1091 902 1155 tentoriis
929 1094 1091 1158 manebat

142 1187 180 1250 in
206 1189 352 1267 insidiis,
375 1197 568 1272 campestre
597 1191 755 1273 praelium
780 1199 1012 1270 consererent,
1039 1201 1090 1271 ut,

143 1307 184 1352 eo
207 1289 407 1372 subjugato,
434 1309 512 1354 cum
539 1292 615 1372 ipso
641 1291 869 1375 subjugarent
890 1300 926 1357 et
948 1293 1089 1357 Damie-

143 1395 227 1453 tam.
280 1389 310 1452 E
335 1391 509 1454 contrario
541 1391 722 1456 consilium
751 1393 843 1474 regis
867 1392 1089 1456 Hierusalem

142 1496 218 1553 erat
242 1496 278 1553 et
304 1489 491 1555 multorum
519 1510 596 1554 cum
627 1511 681 1568 eo,
714 1499 753 1557 ut
777 1492 910 1557 obsidio
934 1500 1003 1557 tam
1029 1492 1088 1556 diu

141 1595 302 1672 ageretur
332 1591 497 1672 incoepta,
526 1611 706 1674 quousque
730 1592 787 1657 vel
812 1593 940 1657 virtute
969 1591 1088 1656 divina

142 1690 198 1753 vel
229 1691 334 1754 etiam
365 1690 457 1754 fame
491 1691 616 1755 inclusi
650 1691 862 1770 deficerent;
901 1712 981 1756 nam
1009 1694 1086 1776 qui-

133 1809 288 1873 cumque
303 1810 365 1873 per
381 1791 552 1874 posticum
568 1792 623 1855 vel
641 1790 684 1855 de
704 1793 811 1854 muris
827 1793 979 1856 civitatis
996 1812 1086 1875 prae·

141 1890 264 1973 cipites
291 1889 497 1968 evadebant,
524 1891 637 1956 inflati
667 1899 702 1955 et
732 1892 822 1955 fame
849 1892 979 1969 afflicti,
1006 1912 1088 1957 con·

138 1991 266 2054 civium
289 2009 429 2054 suorum
452 1991 630 2055 evidenter
654 1992 852 2072 angustiam
875 1992 1085 2058 indicabant.

141 2090 208 2155 Sed
244 2091 313 2154 illis
342 2092 479 2155 tandem
512 2092 795 2173 praevalentibuS,
831 2093 891 2176 qui
924 2091 1085 2157 decreve-

139 2198 219 2255 rant
235 2192 495 2256 immutabiliter
517 2211 595 2256 cum
618 2191 769 2257 Soldano
794 2199 968 2256 certamen
987 2193 1085 2272 inire,

139 2291 175 2354 in
207 2291 263 2355 die
293 2291 533 2356 decollationis
564 2293 677 2356 sancti
703 2291 733 2368 VJ
736 2292 882 2357 ohannis
914 2293 1085 2375 Baptistae

129 2392 184 2455 ‘ad
223 2397 340 2456 castra
377 2391 647 2475 Babyloniorum
685 2391 747 2471 ita,
780 2392 862 2457 licet
898 2392 1085 2472 discordes,

138 2492 370 2568 confluebant,
391 2498 432 2555 ut
450 2492 512 2556 vix
533 2493 769 2557 invenirentur
788 2493 865 2570 viri,
885 2493 945 2576 qui
968 2493 1004 2556 in
1026 2495 1085 2557 ob-

138 2592 270 2656 sidione
292 2592 388 2655 urbis
413 2600 641 2658 remanerent.
692 2593 849 2657 Tandem
870 2593 961 2656 inter
990 2613 1086 2659 mare

137 2700 174 2757 et
196 2691 336 2769 flumen,
360 2691 420 2755 ubi
442 2692 553 2756 dulcis
575 2711 668 2775 aqua
689 2693 831 2776 reperiri
853 2712 923 2756 non
948 2701 1085 2776 poterat

137 2792 182 2856 ad
217 2791 413 2869 bibendum,
448 2791 703 2876 proficiscentes
734 2794 941 2858 invenerunt
966 2793 1084 2859 hostes

138 2892 218 2956 fidei
245 2893 283 2955 in
307 2891 465 2956 tentoriis
494 2900 758 2971 commorantes,
783 2893 844 2956 sed
874 2893 953 2976 ipsi,
984 2895 1083 2977 papi-

137 2992 287 3056 lionibus
313 2991 474 3070 sublatis,
495 2992 614 3075 sugam
639 2992 873 3073 simulabant3
902 2999 1036 3057 etcum
1062 3013 1083 3057 a

136 3092 293 3157 fidelibus
321 3110 519 3175 processum
547 3092 670 3158 fuisset
694 3093 793 3170 adeo,
820 3093 912 3175 quod
938 3112 1083 3175 appare-

134 3199 188 3261 ret
214 3192 430 3257 adversarios
456 3192 549 3257 nolle
577 3193 709 3257 directa
738 3192 852 3256 fronte
879 3192 1079 3274 confligere,

135 3293 307 3376 capitanei
337 3292 447 3356 fidelis
474 3293 593 3376 populi
622 3293 764 3374 longum
796 3292 947 3356 inierunt
968 3293 1081 3356 consi·

133 3393 231 3472 lium,
252 3400 370 3457 utrum
391 3392 627 3476 procederent,
650 3411 696 3456 an
719 3392 881 3456 redirent.
938 3391 1081 3456 Discors

133 3494 225 3559 inter
259 3513 319 3557 eos
358 3493 425 3557 fuit
459 3493 643 3570 sententia,
675 3493 768 3556 unde
805 3493 897 3556 inter
935 3492 1081 3556 consilia

133 3593 208 3657 sine
232 3593 376 3658 consilio
402 3592 525 3657 solutae
551 3599 635 3657 sunt
655 3592 760 3669 acies,
791 3599 919 3674 praeter
946 3591 1080 3656 ordina·

132 3693 262 3757 tionem
282 3692 433 3768 illorum,
456 3711 544 3774 quos
566 3691 748 3774 disciplina
768 3690 893 3772 ligavit
910 3698 946 3754 et
964 3690 1081 3754 obedi-

131 3793 226 3858 entia
252 3792 435 3872 militaris3
470 3792 608 3874 equites
631 3789 739 3874 Cypri
761 3791 796 3853 in
825 3791 949 3854 dextro
974 3809 1081 3855 cornu

95 3895 99 3904 '
131 3892 325 3969 constituti,
347 3891 529 3955 Saracenis
550 3892 726 3954 incursum
749 3909 771 3953 a
793 3890 903 3954 latere
923 3890 1079 3953 facienti-

130 3993 208 4069 bus,
243 3990 463 4056 timiditatem
496 4010 595 4055 suam
626 3990 875 4069 ostenderunt3
928 3989 1080 4052 Romani

130 4092 264 4176 pedites
298 4091 400 4174 primi
428 4091 605 4174 fugerunt,
638 4097 673 4154 et
704 4097 826 4173 postea
862 4088 996 4172 equites
1034 4109 1080 4152 ex

131 4192 328 4257 nationibus
352 4190 510 4268 diversis,
540 4210 618 4254 cum
641 4189 847 4271 quibusdam
873 4188 986 4255 Hos·
1027 4187 1038 4192 “
