2864 4866
426 430 564 478 neonus
588 430 857 480 ursronmnuu.
1056 415 1119 479 181

170 582 262 665 quod
284 586 456 652 maximus
476 589 663 675 imperator
682 587 865 666 morietur;
895 594 930 652 et
948 597 1027 671 post
1044 589 1118 654 illo·
1134 601 1188 642 Δ-ῡ-
1199 605 1255 644 ¹²²⁹·

172 702 245 746 rum
262 686 428 750 diluvium
445 695 623 752 ventorum
639 689 740 770 pauci
757 689 983 752 remanebunt
1000 690 1118 754 viven-

172 790 235 860 tes,
267 786 327 849 sed
354 793 526 870 quotquot
551 789 776 852 remanebunt
803 787 935 852 deliciis
969 789 1117 852 divitiis-

171 902 237 964 que
252 885 411 967 affluent3
430 888 560 950 orietur
576 887 735 951 dubietas
753 887 843 949 inter
861 887 1064 965 Saracenos,
1082 899 1117 955 et

173 983 366 1067 relinquent
383 987 613 1050 mahumerias
639 1006 721 1073 suas
747 993 783 1050 et
802 985 886 1051 fient
908 1006 1015 1051 unum
1038 1007 1116 1052 cum

171 1080 387 1149 Christianis.
439 1086 591 1169 Ideoque
613 1105 687 1163 nos,
709 1106 787 1151 cum
808 1086 967 1150 omnibus
989 1089 1117 1169 magis-

171 1185 317 1247 tratibus
353 1192 459 1267 atque
488 1183 730 1250 consodalibus
763 1186 890 1249 nostris
928 1187 1116 1268 peritisque

170 1285 353 1365 astrologis
384 1285 601 1377 Tholetanis,
636 1285 701 1348 hoc
735 1285 983 1366 comperientes
1015 1287 1114 1350 vobis

170 1382 330 1447 duximus
367 1385 601 1462 revelandum,
632 1384 854 1467 injungentes
880 1385 914 1447 in
941 1386 1114 1450 remissio-

169 1501 243 1545 nem
261 1490 481 1565 peccatorum
499 1492 534 1548 et
548 1484 815 1566 redemptionem
833 1484 1024 1547 animarum
1037 1505 1114 1549 ves-

168 1586 309 1659 trarum,
325 1591 496 1666 quatenus
513 1584 580 1648 hoc
597 1582 757 1648 reveletis
775 1583 1016 1664 ignorantibus
1031 1604 1113 1666 pro-

169 1680 383 1764 videatisque
402 1684 501 1746 vobis
521 1684 580 1746 ubi
604 1682 767 1746 habitetis
789 1683 870 1746 dum
893 1684 988 1747 venti
1010 1683 1113 1747 dura-

169 1781 276 1861 bunt3
300 1781 434 1846 flabunt
450 1783 540 1846 enim
560 1783 596 1845 in
619 1801 736 1846 meuse
758 1782 962 1865 Septembri,
979 1789 1014 1846 et
1029 1791 1113 1847 tunc

168 1900 272 1962 super
286 1888 378 1945 terra
394 1882 455 1945 vix
470 1882 667 1946 inveniatur
681 1881 814 1945 mansio
833 1899 966 1945 secura.
1013 1881 1110 1945 Prae·

168 1981 297 2062 paretis
310 2002 394 2064 ergo
406 2001 573 2047 cavernas
586 1983 624 2045 in
637 1981 781 2063 planitie
792 1979 1005 2044 circumdata
1015 2001 1112 2044 mon-

169 2081 268 2157 tibus,
288 2101 357 2146 non
375 2083 540 2158 arenosis,
557 2101 626 2146 non
649 2081 830 2159 sabulosis,
854 2081 992 2162 sintque
1009 2100 1110 2162 oper-

169 2189 214 2243 tae
236 2181 404 2259 trabibus,
426 2188 461 2244 et
480 2188 608 2245 terram
631 2180 778 2261 desuper
800 2181 931 2262 ponite,
955 2199 1018 2244 nec
1041 2181 1111 2244 sint

168 2280 308 2344 arbores
319 2281 410 2359 sitae,
422 2282 547 2364 quibus
558 2280 725 2345 orificium
738 2297 897 2343 cavernae
910 2280 1020 2361 possit
1029 2298 1112 2361 ope-

167 2379 238 2457 riri,
261 2387 296 2443 et
317 2377 520 2463 praeparetis
542 2381 590 2444 ibi
608 2380 706 2444 vobis
730 2379 859 2442 cibaria
881 2379 1112 2461 quadraginta

168 2478 324 2559 dierum3
348 2488 384 2544 et
399 2481 515 2543 sciatis
538 2480 629 2563 quod
653 2479 829 2543 nobiscum
847 2479 1059 2543 concordant
1076 2485 1111 2542 et

167 2580 378 2643 conveniunt
399 2598 518 2642 omnes
542 2577 738 2662 philosophi
764 2579 952 2643 astronomi
979 2577 1111 2659 Hispa-

169 2678 247 2755 niae,
262 2677 421 2755 Graeeiae,
437 2677 588 2756 Arabiae,
605 2676 780 2742 Armeniae
798 2684 833 2741 et
847 2678 1003 2742 Habraei.
1036 2675 1111 2741 Au-

168 2777 315 2841 divimus
343 2779 433 2841 enim
460 2779 553 2859 quod
586 2776 808 2840 Manichinus
840 2797 902 2840 rex
932 2777 1113 2841 constituit

168 2877 289 2940 turrim
317 2877 518 2941 excellentis
546 2876 693 2954 aedificii,
721 2875 1000 2958 coadjuvantque
1033 2894 1111 2939 eum

168 2996 286 3040 omnes
309 2976 413 3042 vicini
437 2977 502 3053 sui,
520 2982 555 3040 et
572 2977 637 3039 erit
654 2976 758 3039 turris
779 2975 951 3038 adinstar
969 2975 1112 3037 maximi

168 3077 305 3140 montis.
351 3076 431 3140 Hoc
448 3083 564 3139 autem
579 3074 723 3138 dicimus
739 3075 782 3137 de
797 3094 878 3154 rege
894 3073 1022 3149 Siculo,
1033 3092 1111 3154 quae

169 3176 266 3239 nobis
281 3175 435 3257 pericula
452 3175 622 3240 videntur.
676 3172 774 3235 Nihil
793 3193 877 3254 ergo
896 3172 1112 3253 inpraesenti

168 3278 298 3338 restare
314 3276 451 3339 videtur
469 3273 598 3357 populo
617 3271 825 3348 Christiano,
844 3271 910 3335 nisi
928 3278 968 3335 ut
985 3270 1114 3352 singuli

168 3381 203 3438 et
223 3375 376 3438 universi
404 3375 455 3438 ita
480 3391 676 3455 praeparare
704 3372 866 3435 studeant
885 3371 1113 3435 conscientias

168 3492 250 3537 suas
274 3493 336 3556 per
356 3473 598 3555 poenitentiam
624 3472 848 3548 fructuosam,
868 3490 929 3552 per
950 3468 1113 3533 humilem

168 3580 203 3637 et
224 3592 348 3655 puram
371 3571 633 3648 confessionem,
658 3590 719 3652 per
741 3570 1014 3635 satisfactionem
1032 3588 1113 3632 cou-

168 3673 320 3755 dignam,
348 3691 392 3735 ne
417 3671 569 3736 venienti
597 3671 733 3753 Sponso
754 3670 874 3733 vacuis
896 3675 1115 3732 occurrentes

167 3770 396 3853 lampadibus
413 3790 490 3834 cum
511 3769 616 3833 fatuis
633 3770 824 3851 virginibus
839 3768 950 3833 oleum
971 3787 1039 3831 nou
1054 3767 1116 3830 ha-

167 3872 339 3947 bentibus,
350 3871 508 3955 januam,
522 3869 613 3951 quod
630 3869 733 3946 absit,
750 3868 929 3932 inveniant
944 3866 1115 3944 clausam,

166 3970 225 4033 sed
255 3989 333 4032 cum
360 3969 588 4051 prudentibus
615 3969 731 4050 potius
758 3967 962 4048 virginibus,
985 3967 1117 4047 lampa-

167 4069 266 4132 dibus
294 4069 439 4144 ornatis,
470 4087 548 4131 cum
574 4067 710 4149 Sponso
736 4067 878 4130 introire
909 4066 951 4128 ad
979 4065 1118 4145 nuptias

167 4174 377 4232 mereantur.
447 4166 626 4243 Credimus
656 4167 746 4229 enim
776 4164 995 4240 fiducialiter,
1027 4162 1119 4245 quod
