2864 4866
410 408 549 456 nunnus
573 404 846 458 ursronmnun.
1037 396 1102 460 125

150 567 308 633 civitates
333 567 509 652 inquirens
536 588 558 633 a
579 569 725 651 siugulis
748 570 912 634 articulos
935 569 1027 648 fidei,
1052 580 1099 649 et,
1114 585 1238 627 nunna

150 669 181 732 si
208 669 405 752 quempiam
431 676 553 735 contra
574 670 676 734 fidem
700 670 871 734 inveniret
896 670 1100 736 sentientem

151 768 369 847 catholicam,
390 771 465 853 ipse
491 770 679 835 secundum
700 771 870 855 judicium
893 778 1025 835 sauctae
1046 792 1102 836 ec-

152 869 265 934 clesiae
296 869 445 954 justitiae
479 871 600 935 exeis
631 871 879 954 plenitudinem
908 871 1100 951 exhiberet,

152 977 199 1047 et,
213 971 243 1034 si
266 971 443 1036 civitatem
466 971 619 1055 aliquam
641 972 810 1036 inveniret
832 971 1004 1050 rebellem,
1026 973 1102 1056 ipse

152 1090 343 1155 proposse
373 1091 438 1136 suo
464 1092 541 1137 eam
570 1092 648 1136 cum
678 1072 930 1136 habitatoribus
959 1073 1031 1136 suis
1056 1074 1100 1137 ad

154 1171 425 1237 satisfactionem
450 1172 693 1255 compelleret3
726 1192 789 1255 pro
817 1193 854 1237 se
879 1173 955 1255 ipso
985 1183 1100 1238 autem

153 1272 290 1352 obtulit,
322 1273 353 1336 si
384 1273 421 1336 in
450 1274 567 1357 aliquo
598 1272 755 1356 deliquit,
787 1272 880 1356 quod
909 1293 946 1338 se
979 1274 1101 1340 fecisse

152 1392 221 1436 nou
240 1373 372 1451 recolit,
395 1374 534 1457 plenam
559 1374 637 1438 Deo
659 1380 695 1438 et
715 1382 846 1438 sauctae
865 1374 1019 1438 ccclesiae
1044 1395 1102 1440 sa-

153 1473 382 1539 tisfactionem
405 1482 444 1539 ut
459 1474 569 1538 fidelis
586 1474 817 1552 Christianus,
840 1480 887 1551 et,
908 1475 938 1539 si
963 1476 1101 1557 legatus

152 1574 269 1652 vellet,
283 1575 388 1639 etiam
405 1574 484 1640 fidei
501 1594 649 1640 examen
671 1576 798 1639 subire.
851 1574 941 1640 Haec
963 1595 1101 1658 quoque

154 1675 268 1739 omnia
289 1675 426 1758 legatus
443 1676 662 1759 contempsit,
684 1696 747 1740 nec
767 1676 882 1759 potuit
905 1696 1019 1740 comes
1043 1697 1101 1742 ca·

152 1775 300 1840 tholicus
316 1777 464 1859 gratiam
486 1777 651 1853 invenire,
675 1777 742 1840 nisi
763 1796 827 1860 pro
848 1796 885 1840 se
902 1783 937 1840 et
954 1777 1100 1842 haeredi·

103 1907 107 1912 ·
154 1876 218 1940 bus
240 1877 312 1940 suis
340 1876 575 1942 haereditatem
598 1896 697 1941 suam
723 1877 885 1941 deserens
912 1877 1100 1962 abjuraret.

155 1974 235 2040 Rex
252 1997 334 2043 vcro
350 1978 562 2043 Francorum
579 1979 622 2042 ad
640 1978 795 2062 ejusdem
809 1978 917 2060 legati
936 1978 1101 2043 exhorta-

154 2077 282 2141 tionem
303 2097 405 2143 cruce
424 2078 583 2161 signatus
603 2078 715 2143 uoluit
731 2077 987 2160 expeditionem
1005 2079 1101 2143 belli·

153 2196 229 2242 cam
253 2198 467 2260 promovere,
491 2180 558 2244 uisi
577 2179 687 2244 literis
703 2179 800 2261 prius
816 2197 837 2241 a
853 2176 992 2242 domino
1008 2199 1100 2263 papa

152 2276 345 2360 impetratis
368 2279 412 2343 ad
437 2299 553 2362 regem
575 2278 768 2361 Anglorum
794 2278 1015 2357 inhibitoriis,
1039 2273 1100 2344 ¹ue

152 2380 216 2442 sub
241 2399 347 2462 poena
366 2380 730 2445 excommunicationis
751 2399 867 2461 regem
887 2380 1100 2444 Francorum

153 2478 373 2562 inquietaret,
388 2480 444 2544 vel
461 2499 557 2544 arma
574 2487 696 2545 contra
708 2501 787 2544 eum
802 2487 968 2558 moveret,
980 2480 1023 2545 de
1039 2481 1099 2545 ali·

153 2598 223 2661 qua
244 2586 337 2644 terra
358 2598 461 2662 quam
479 2581 516 2644 iu
532 2581 698 2664 praesenti
710 2580 910 2663 possidebat
923 2581 996 2646 sive
1005 2581 1101 2666 juste

152 2680 225 2745 sive
241 2681 381 2765 injuste,
404 2679 485 2743 dum
510 2681 600 2745 idern
616 2701 679 2746 rex
701 2689 793 2746 esset
813 2682 850 2744 in
873 2682 1015 2746 servitio
1037 2701 1102 2747 suo

153 2787 189 2844 et
212 2780 366 2846 ecclesiae
391 2781 560 2846 Romanae
592 2782 637 2846 ad
669 2780 969 2846 exterminandum
992 2783 1101 2846 hacre-

154 2879 242 2945 ticos
266 2879 473 2964 Albigenses
501 2890 537 2946 et
561 2902 679 2946 eorum
708 2881 878 2946 fautorem
902 2888 939 2945 et
957 2882 1099 2964 compli-

152 3000 225 3045 cem
250 2982 411 3046 comitem
436 2982 695 3062 Tholosanum3
726 2983 786 3047 sed
812 2983 920 3046 eidem
946 2983 1032 3064 regi,
1056 2983 1101 3046 ad

154 3081 401 3147 exaltationem
433 3082 525 3160 fidei,
557 3082 737 3148 consilium
772 3089 807 3146 et
840 3082 1008 3146 auxilium
1037 3082 1101 3146 im·

152 3182 301 3266 pendere
327 3202 397 3248 non
422 3184 586 3249 tardaret.
641 3185 698 3260 Et,
721 3182 774 3246 his
799 3182 851 3246 ita
875 3183 996 3265 gestis,
1019 3174 1099 3246 ²rcx

154 3282 367 3347 Francorum
389 3283 593 3349 lodowicus
612 3292 648 3348 et
664 3286 802 3366 legatus
820 3283 978 3347 omnibus
999 3301 1101 3346 cruce

153 3383 301 3467 signatis
335 3384 425 3450 diem
457 3391 655 3449 statuerunt
689 3383 966 3467 peremptorium,
998 3393 1037 3447 ut
1065 3384 1100 3446 in

154 3485 354 3549 ascensione
380 3485 522 3549 Domini
551 3484 643 3567 apud
669 3484 876 3566 Lugdunum
904 3503 980 3547 cum
1003 3483 1101 3566 equis

71 3600 73 3604 ’
153 3592 189 3650 ct
204 3585 308 3649 armis
331 3585 396 3648 sub
419 3604 526 3667 poena
547 3584 913 3650 excommunicationis
932 3585 1100 3662 venirent,

153 3686 248 3768 ipsos
262 3685 305 3749 ad
323 3685 578 3768 expeditionem
594 3685 807 3768 propositam
825 3685 988 3749 secuturi.

189 3884 484 3952 ¹Ne...iaquieturet,]
502 3890 616 3951 wanting
640 3887 765 3950 Compare
804 3887 874 3936 Hist.
914 3887 1101 3950 Albigeusium,

152 3959 180 4007 in
194 3960 223 4008 C.
640 3962 708 4009 auct.
726 3958 789 4008 Gul.
803 3958 836 4006 de
857 3958 939 4007 Podio
955 3957 1103 4017 Laurentio,

642 4029 703 4079 Rec.
716 4026 761 4078 des
777 4026 847 4078 Hist.
862 4033 923 4078 tom.
935 4028 989 4078 xix.
1006 4043 1032 4089 p.
1044 4031 1103 4089 216,

188 4095 265 4148 'lien
283 4099 433 4148 Francorum
449 4093 615 4166 amma]
641 4115 705 4164 seqq.
