2864 4866
415 408 554 457 rnonns
576 402 845 459 ulsroarnnou.
1038 395 1104 460 215

154 565 234 629 liter
252 565 503 632 Normanniam
525 569 682 647 intraret,
701 571 764 633 sub
782 589 843 653 spe
862 577 957 634 certa
974 577 1100 634 terram
1114 583 1236 623 A·¹>·12³⁰-

156 667 390 750 subjugandi;
423 689 566 752 quorum
599 690 661 734 rex
688 670 840 734 consiliis
868 671 1014 734 libenter
1039 670 1099 732 ad-

157 766 359 848 quiesceret,
383 768 443 831 sed
470 768 650 834 Hubertus
674 771 717 834 de
741 772 860 850 Burgo
879 770 915 835 id
939 769 1013 833 fieri
1031 790 1100 833 non

157 868 325 948 permisit,
342 868 472 945 dicens,
488 870 718 952 periculosum
731 870 803 934 fore
823 870 887 933 hoc
905 870 1015 934 modis
1030 890 1102 935 om-

157 965 258 1029 nibus
275 973 494 1050 attemptare.
541 967 645 1046 Quod
665 969 846 1034 audientes
867 969 995 1033 milites
1014 989 1100 1050 prae-

157 1064 240 1131 dicti
264 1068 531 1149 postulaverunt
551 1088 670 1149 regem
692 1070 908 1151 propensius,
932 1076 971 1132 ut
992 1069 1102 1148 assig-

157 1173 257 1231 naret
275 1167 325 1231 eis
344 1167 511 1232 ducentos
533 1167 659 1232 milites
680 1169 723 1232 de
749 1170 904 1234 exercitu
928 1189 1003 1244 suo,
1025 1188 1102 1232 cum

158 1266 283 1347 quibus
306 1266 556 1331 Normanniam
580 1268 761 1345 intrarent,
785 1269 983 1333 certissimis
999 1268 1032 1332 ei
1048 1286 1103 1330 as-

157 1365 364 1431 sertionibus
380 1368 634 1450 promittentes,
645 1368 855 1451 quodomne
872 1387 980 1449 genus
997 1368 1103 1431 Fran-

157 1484 274 1529 corum
297 1467 340 1530 de
361 1466 577 1530 Normannia
598 1457 844 1548 edturbarent3
862 1488 925 1531 nec
947 1467 1103 1544 etiamid

158 1565 231 1629 lieri
269 1567 425 1648 permisit
458 1566 640 1632 Hubertus
674 1567 901 1651 justiciarius,
934 1586 1105 1643 asserens,

159 1664 233 1747 regi
263 1685 331 1730 non
359 1668 521 1748 expedire
547 1676 587 1731 ut
611 1668 762 1733 traderet
789 1668 916 1732 milites
950 1686 1032 1730 suos
1060 1666 1105 1731 ad

160 1771 302 1829 mortem
329 1764 488 1831 ultronea
508 1767 698 1833 voluntate.
751 1767 877 1849 Sicque
898 1766 1030 1830 nobiles
1053 1766 1104 1831 illi

160 1864 400 1930 miserabiliter
418 1866 512 1929 illusi
534 1865 684 1944 suerunt,
702 1867 784 1949 quia
806 1886 867 1929 rex
893 1865 1105 1929 Francorum

159 1963 386 2029 incontinenti
407 1965 644 2030 exhaeredavit
663 1984 734 2041 eos,
756 1966 901 2030 castella
921 1971 956 2028 ct
979 1964 1105 2041 omnia,

161 2083 238 2146 quae
255 2065 392 2129 illorum
415 2072 525 2142 erant,
543 2071 702 2147 potenter
723 2066 759 2127 in
777 2085 841 2129 sua
859 2065 941 2149 jura
965 2083 1107 2127 conver-

158 2170 246 2228 tens.

188 2339 279 2415 Quod
291 2360 345 2404 rec
360 2339 535 2425 Aaplorum
551 2341 586 2405 io
603 2342 756 2405 Gereonio
764 2342 922 2427 profectas
941 2341 1084 2426 lomcpio

574 2442 697 2527 cepam.

212 2566 268 2642 Et,
294 2565 348 2628 his
369 2564 421 2630 ita
442 2567 562 2648 gestis,
585 2586 649 2630 rex
670 2566 864 2657 Anglorum
887 2587 948 2650 per
969 2564 1108 2627 consili-
1122 2574 1269 2675 gppqqiynmd

162 2686 220 2730 um
236 2664 389 2731 Huberti
404 2665 447 2729 de
465 2667 597 2748 Burgo,
617 2686 694 2731 cum
713 2668 867 2731 exercitu
886 2685 952 2730 suo
970 2684 1015 2728 ex
1034 2664 1108 2728 Bri·
1122 2678 1204 2717 Poitou·

163 2766 283 2830 tannia
303 2784 366 2849 per
387 2763 627 2848 Andegaviam
649 2767 685 2830 in
707 2767 902 2832 Pictaviam
923 2763 1109 2840 transiens

162 2866 337 2949 profectus
359 2866 469 2929 estin
491 2864 712 2942 Gasconiam,
736 2867 794 2930 nbi
815 2865 965 2948 acceptis
988 2864 1109 2928 homa-

163 2966 241 3047 giis,
264 2973 299 3030 et
315 2965 456 3046 regione
475 2967 539 3030 sub
557 2967 744 3030 securitate
762 2966 941 3048 disposita,
956 2964 1059 3029 rediit
1072 2962 1110 3026 in

165 3065 370 3142 Pictaviam‚
390 3065 449 3129 ubi
466 3065 654 3132 multorum
668 3066 830 3147 homagia
855 3061 1019 3147 suscepit.
1066 3063 1108 3126 In

164 3166 229 3229 hac
261 3184 400 3248 quoque
433 3166 645 3247 equitatione
678 3165 811 3230 obsedit
837 3185 899 3228 rex
936 3163 1110 3229 Mirebelli

165 3273 316 3332 castrum
337 3273 372 3330 et
386 3265 478 3348 cepit
495 3265 661 3330 laudabili
680 3265 808 3329 virtute
826 3264 1033 3346 Anglornm,
1050 3262 1110 3344 qui

165 3365 317 3433 assultus
337 3365 584 3431 audacissimos
602 3365 738 3429 assidue
760 3366 924 3428 iterantes
942 3363 1111 3428 violenter

164 3465 315 3531 inclusos
334 3466 557 3547 subegerunt,
575 3471 610 3528 et
628 3465 825 3531 recedentes
844 3482 962 3527 omnes
984 3464 1021 3527 in
1035 3461 1110 3526 vin·

166 3565 253 3629 culis
277 3565 510 3629 abduxerunt.
563 3563 644 3630 Hoc
672 3563 781 3645 igitur
806 3572 971 3645 tempore,
995 3579 1112 3625 mense

166 3663 332 3752 Augusti,
356 3664 513 3729 dominus
542 3683 635 3747 papa
662 3662 853 3745 Gregorius
881 3670 916 3727 et
936 3662 1113 3727 Romano-

166 3784 242 3827 rum
261 3763 448 3846 imperator
463 3764 678 3840 Fredericus‚
695 3763 925 3827 mediantibus
941 3768 1113 3825 utrorum-

166 3883 234 3947 que
255 3856 431 3928 ¹fidelibus
452 3870 487 3927 et
506 3864 637 3940 amiciS,
656 3865 692 3926 in
708 3863 925 3926 concordiam
942 3880 1112 3925 convene-

175 4041 176 4044 ¹
203 4017 350 4069 ¹Fidelibos
365 4005 509 4086 ricuidis]
527 4019 627 4080 Among
653 4022 692 4067 ter
713 4017 742 4067 of
760 4017 803 4066 the
819 4018 940 4066 Teutonic
962 4015 1066 4077 knights
1088 4018 1114 4062 at

167 4090 210 4139 the
232 4089 357 4151 principal
378 4092 515 4150 promotcrs
537 4088 565 4137 of
585 4089 627 4138 the
655 4088 743 4150 Rome,
753 4087 796 4135 the
808 4087 891 4136 dulces
901 4086 929 4135 of
937 4087 1052 4146 Austria,
1063 4085 1114 4134 Ca·

168 4173 248 4222 peace
264 4174 332 4208 were
352 4158 394 4208 the
422 4159 587 4220 archbishops
604 4158 632 4206 oi
655 4158 757 4220 rinthia,
768 4157 818 4206 and
831 4157 956 4218 Moravia,
967 4161 1031 4217 etc.;
1044 4154 1114 4215 Ray·

76 4281 81 4292 ,
169 4229 284 4292 Rheggio
300 4229 350 4279 and
362 4229 494 4291 Snlzburg,
504 4228 547 4278 the
564 4242 630 4277 mas·
657 4228 735 4294 naldi,
746 4228 774 4278 ii.
786 4244 812 4290 p.
824 4231 864 4277 21.
