2864 4866
363 380 429 447 3121
621 397 757 445 ancum
779 397 832 444 nr·
848 396 1057 446 vvuuoovua

201 567 325 608 A·1>·¹2³⁴·
365 574 443 619 cum
466 543 713 619 non‘decebat.
766 552 849 619 Fuit
865 561 982 619 autem
1007 555 1044 619 in
1067 555 1153 618 turri
1178 554 1318 619 Londo-

365 654 498 718 niarum
528 654 584 717 die
613 653 636 718 J
639 654 715 718 ovis
746 660 782 719 et
814 655 975 737 sequenti
1006 655 1062 718 die
1091 655 1252 730 Veneris,
1282 662 1318 718 et

365 759 448 815 tunc
483 753 528 815 ab
561 752 819 836 archiepiscopo
854 754 1021 818 liberatus
1056 754 1151 837 apud
1179 753 1318 818 Winte-

365 851 458 916 niam
491 853 679 935 perductus
714 859 768 917 est
801 860 836 917 et
870 853 908 916 in
944 854 1096 923 ecclesia
1125 853 1318 919 cathedrali

365 951 537 1017 dimissus.

410 1125 499 1207 Quod
514 1124 691 1224 Stephanus,
704 1127 890 1212 dadepraoe,
906 1123 1178 1217 apparuitcorom
1194 1145 1273 1210 repe.

269 1271 296 1300 en
320 1271 333 1300 ο
415 1249 592 1332 Apparuit
608 1257 725 1314 autem
743 1249 862 1313 eodem
882 1250 938 1314 die
959 1248 996 1312 in
1017 1249 1110 1331 regis
1130 1249 1317 1330 praesentia

203 1373 217 1400 ⁸
232 1322 318 1449 ιὶἔτῖθ
365 1350 561 1433 Stephanus
585 1350 628 1413 de
659 1349 824 1430 Segrave,
848 1348 989 1414 veniens
1017 1349 1081 1412 suh
1104 1347 1317 1430 protectione

221 1462 263 1499 a.
365 1449 628 1531 archiepiscopi,
662 1448 705 1512 de
739 1450 847 1513 rebus
872 1449 943 1512 sibi·
972 1448 1144 1530 impositis
1174 1465 1318 1528 respon-

365 1566 490 1627 surus3
523 1548 582 1629 qui
610 1567 688 1611 cum
718 1555 828 1612 staret
858 1549 893 1611 in
923 1547 1056 1632 judicio
1080 1546 1153 1630 juri
1181 1547 1315 1628 paritu-

307 1653 309 1657 ‘
366 1666 437 1724 rus,
461 1648 655 1728 increpavit
680 1667 758 1711 eum
781 1667 844 1711 rex
866 1648 930 1710 sub
952 1648 1090 1710 nomine
1115 1645 1316 1728 nequissimi

365 1747 551 1828 proditoris
583 1746 627 1810 de
657 1747 815 1810 omnibus
848 1746 1015 1822 articulis,
1047 1746 1173 1828 quibus
1205 1746 1316 1808 incre-

365 1853 511 1927 paverat
539 1845 686 1910 Petrum
715 1845 758 1909 de
787 1845 949 1922 Rivallis,
975 1844 1041 1909 hoc
1066 1845 1171 1909 etiam
1196 1843 1317 1928 adjici-

366 1963 440 2021 ens,
464 1945 556 2026 quod
580 1945 762 2011 consilium
782 1945 925 2009 dederat
942 1944 985 2020 ei,
1001 1951 1042 2009 ut
1057 1943 1256 2008 Hubertum
1272 1943 1315 2006 de

368 2044 487 2125 Burgo
510 2045 554 2108 ab
577 2043 688 2108 officio
704 2044 892 2128 justiciarii
916 2049 1102 2119 amoveret,
1124 2044 1316 2107 incarcere

367 2149 434 2219 ret,
447 2142 604 2224 patibulo
617 2143 854 2226 suspenderet,
876 2149 911 2206 et
927 2142 1060 2207 nobiles
1075 2141 1118 2206 de
1132 2162 1241 2223 regno
1255 2142 1317 2207 ho-

367 2241 477 2304 mines
497 2242 665 2307 exularet.
725 2241 882 2324 Cumque
905 2242 980 2306 haec
1001 2249 1036 2305 et
1058 2241 1128 2305 alia
1149 2241 1260 2304 multa
1281 2243 1315 2305 ei

365 2341 586 2421 imposuisset
600 2341 746 2422 flagitia,
767 2342 886 2423 exegit
909 2342 952 2405 ab
974 2360 1015 2405 eo
1035 2340 1255 2405 ratiocinium
1270 2342 1316 2404 ab

364 2438 475 2504 officio
501 2439 699 2523 justiciarii,
729 2441 820 2523 quod
849 2441 914 2504 sub
941 2459 984 2505 eo.
1011 2439 1316 2504 administraverat

365 2545 446 2621 post
475 2538 672 2603 Hubertum
701 2540 744 2603 de
775 2540 908 2620 Burgo,
939 2539 982 2603 de
1010 2539 1113 2603 rebus
1141 2540 1315 2622 perceptis

364 2637 495 2721 pariter
515 2645 551 2702 et
564 2639 738 2719 expensis.
798 2638 911 2720 Super
929 2637 983 2702 his
1007 2644 1121 2701 autem
1143 2637 1323 2720 archiepi-.

364 2754 491 2817 scopus
513 2743 549 2800 et
568 2737 708 2819 quidam
730 2737 883 2818 episcopi
905 2737 1134 2819 impetrarunt
1155 2736 1314 2801 inducias

364 2855 387 2899 a
407 2853 617 2917 regensque
639 2835 683 2899 ad
708 2835 832 2903 festum
855 2837 968 2900 sancti
988 2835 1182 2911 Michaelis,
1199 2842 1240 2899 ut
1255 2834 1316 2899 de-

363 2933 532 2999 liberandi
564 2941 699 3017 tempus
730 2934 883 2999 haberet.
941 2934 996 2998 De
1025 2934 1142 3016 pravis
1174 2954 1314 3017 qnoque

363 3033 516 3098 consiliis
531 3033 597 3096 sihi
612 3034 793 3116 imputatis
815 3034 879 3097 hoc
901 3034 976 3115 regi
997 3034 1187 3115 respondit,
1207 3034 1314 3115 quod,

363 3153 442 3198 cum
464 3132 581 3214 plures
598 3131 741 3197 haberet
757 3132 984 3208 consiliarios,
1006 3132 1099 3214 quod
1119 3132 1210 3196 male
1234 3152 1314 3213 ges·

363 3240 436 3297 tum
462 3231 576 3295 fuerat
599 3232 665 3294 sibi
693 3232 758 3295 soli
782 3251 852 3294 non
877 3231 996 3294 debuit
1016 3230 1191 3313 imputari.
1242 3231 1314 3295 Ro-

361 3333 479 3395 bertus
494 3349 577 3394 vero
596 3328 803 3406 Passelewe,
824 3330 883 3413 qai
906 3337 986 3411 post
1002 3330 1198 3403 Walterum
1217 3329 1312 3393 Kar·

361 3430 547 3494 leolensem
570 3423 735 3493 ¹officium
763 3428 970 3494 thesaurarii
998 3427 1313 3508 administraverat,

361 3529 542 3595 abscondit
556 3548 595 3594 se
611 3549 675 3593 nec
695 3535 852 3611 repertus
867 3528 934 3594 fuit
951 3547 973 3591 a
987 3528 1222 3611 quaerentibus
1238 3529 1313 3592 ani-

362 3641 453 3691 mam
466 3628 554 3710 ejus.

399 3823 529 3892 ¹Offieiroo
545 3823 719 3896 thesauraria]
742 3827 823 3890 Hugh
847 3829 879 3877 de
891 3828 1049 3890 Patsshulle,
1060 3843 1115 3880 was
1132 3830 1271 3891 appointed
1287 3836 1313 3887 to

361 3897 393 3944 de
400 3897 824 3963 Pateehulle,clerk,sonofsimeon
848 3899 956 3948 succeed
967 3898 1020 3947 him
1030 3898 1057 3958 in
1068 3898 1110 3948 the
1122 3899 1207 3962 office;
1225 3902 1311 3952 Paris.
