2864 4866
331 417 397 481 322
585 432 719 479 uocum
744 431 790 477 un
813 423 1020 478 wuunovnn

170 608 226 649 nn.
238 607 295 646 1²³4·
335 588 459 652 finibus
487 587 714 664 Bedefordiae,
745 594 781 651 et
810 586 860 649 sic
892 605 955 667 per
985 584 1134 648 insulam
1167 584 1286 648 Elien·

335 709 407 752 sem
425 696 460 752 et
476 687 621 753 Norfolc
637 686 681 750 ad
699 687 865 750 orientem
887 685 1034 750 tendens
1050 685 1088 747 in
1108 704 1204 748 mare
1226 684 1288 747 de·

335 787 478 853 scendit.
530 786 727 851 Saeviebant
751 785 920 869 siquidem
953 784 1018 848 hoc
1047 803 1138 847 anno
1163 784 1285 847 multae

335 887 531 953 consimiles
563 893 786 968 tempestates
817 886 854 948 in
885 885 971 949 loeis
1009 883 1166 960 diversis,
1202 902 1284 967 quae

336 987 454 1050 multis
483 994 554 1050 tam
585 986 754 1050 terribiles
782 1004 887 1068 quam
917 985 1093 1048 damnosae
1124 983 1286 1061 suerunt3

337 1087 398 1151 sed
421 1094 456 1151 et
475 1086 540 1150 hoc
562 1086 721 1150 similiter
740 1084 892 1148 notabile
917 1083 1065 1160 videtur,
1092 1083 1184 1166 quod
1207 1083 1287 1145 reli·

338 1187 428 1269 quiae
448 1185 597 1267 frugum,
619 1205 697 1267 quae
714 1192 921 1266 tempestate
943 1184 1115 1265 completa
1135 1184 1173 1246 in
1194 1183 1289 1264 agris

337 1292 586 1362 remanserant,
603 1285 654 1348 ita
666 1284 798 1349 foetidae
813 1292 913 1348 erant
927 1284 1091 1360 inventae,
1105 1283 1199 1365 quod
1216 1302 1287 1346 non

339 1405 449 1469 equus
468 1385 524 1450 vel
547 1385 676 1460 asinus,
694 1403 764 1447 non
783 1386 847 1448 bos
869 1392 931 1448 aut
950 1401 1088 1466 porcus,
1109 1401 1178 1445 non
1201 1401 1288 1446 auca

339 1486 395 1550 vel
414 1485 544 1566 gallina
568 1483 744 1548 comedere
770 1483 851 1548 illas
871 1484 1067 1561 voluerunt,
1091 1502 1171 1546 cum
1193 1501 1287 1565 saepe

339 1585 389 1648 eis
405 1584 552 1648 fuissent
570 1583 613 1647 ad
627 1583 874 1648 comedendum
891 1584 1028 1676 pblatae.

399 1753 448 1816 De
462 1752 619 1817 discordia
632 1754 714 1818 inter
728 1754 886 1819 domiuum
893 1777 1018 1841 popum
1031 1764 1060 1820 et
1068 1756 1223 1821 Ronanus

757 1864 874 1919 eaortu.

180 1999 315 2040 bissenum
392 1972 537 2041 Eodeml
558 1997 649 2042 anno
667 1986 792 2043 exorta
807 1987 860 2044 est
879 1980 1003 2044 Romae
1023 1979 1140 2061 gravis
1158 1979 1291 2043 dissen-

179 2057 201 2090 ιι
211 2051 278 2089 Rome
362 2077 369 2091 .

181 2100 320 2140 servanus
341 2097 393 2140 sio
414 2077 505 2140 inter
527 2077 704 2141 dominum
725 2099 853 2161 papam
873 2088 909 2145 et
925 2080 1018 2144 cives
1037 2079 1217 2143 Romanos
1234 2078 1289 2142 his

179 2150 283 2240 ἓίἷῗῖεῗιῗῖι
293 2149 330 2188 ⁰¹⁹
343 2177 385 2240 de
401 2177 525 2241 causis.
579 2177 759 2259 Usurpant
774 2181 842 2243 sibi
859 2181 952 2244 cives
973 2179 1154 2243 memorati
1167 2199 1213 2243 ex
1228 2197 1290 2242 an-

344 2277 439 2359 tiquo
462 2276 554 2359 jure,
575 2277 667 2359 quod
690 2277 870 2343 Romanus
896 2280 1053 2361 pontifex
1078 2298 1148 2342 non
1174 2286 1291 2360 potest

343 2376 492 2458 aliquem
520 2397 565 2442 ex
591 2376 724 2440 civibus
749 2381 1060 2457 excommunicare,
1087 2378 1144 2443 vel
1170 2380 1291 2442 urbem

344 2495 407 2557 pro
427 2476 581 2557 quolibet
601 2489 746 2540 excessu
769 2497 963 2560 supponere
985 2477 1182 2545 interdicto.
1234 2478 1291 2542 Ad

345 2574 410 2638 hoc
431 2575 514 2638 dicit
532 2595 687 2639 summus
708 2577 878 2658 pontifex,
903 2577 996 2660 quod
1013 2577 1125 2641 minor
1145 2585 1200 2643 est
1213 2578 1291 2642 Deo

346 2680 381 2738 et
397 2673 509 2756 major
530 2674 737 2754 hominibus,
760 2697 843 2758 ergo
859 2677 971 2760 major
991 2677 1124 2741 civibus
1143 2671 1293 2742 ²R0ma-

347 2774 420 2853 nis;
445 2781 492 2851 et,
509 2794 587 2838 cum
602 2795 721 2838 eorum
737 2777 783 2840 sit
798 2785 898 2859 pater
918 2776 1120 2860 spiritualia,
1138 2776 1241 2842 debet
1258 2787 1293 2843 et

346 2873 389 2936 de
409 2873 489 2956 jure
516 2881 631 2956 potest
660 2874 749 2939 filios
778 2877 948 2959 corrigere
976 2876 1228 2959 delinquentes,
1253 2890 1292 2942 ut

347 2973 412 3037 sibi
425 2973 461 3036 in
479 2974 545 3037 tide
562 2974 692 3038 Christi
706 2975 892 3058 subjectos,
915 2976 1006 3041 unde
1023 2977 1066 3040 de
1081 2976 1162 3059 jure
1179 2985 1295 3059 potest

347 3075 609 3138 rationabilibus
635 3074 677 3138 de
703 3077 817 3139 causis
844 3097 904 3140 eos
934 3077 1232 3141 excommunicare
1260 3087 1295 3142 et

347 3173 524 3236 civitatem
539 3174 755 3239 interdicere.
807 3176 910 3253 Item,
925 3183 1117 3259 potestates
1140 3177 1237 3240 urbis
1260 3185 1295 3242 et

348 3279 525 3336 senatores
547 3293 698 3337 annuum
722 3276 887 3340 tributum
914 3277 1061 3358 exigunt
1078 3277 1121 3339 ab
1147 3276 1294 3341 ecclesia

349 3371 521 3450 Romana,
544 3374 636 3456 quod
659 3376 721 3451 eiS,
738 3383 811 3440 tam
832 3396 877 3440 ex
900 3396 990 3440 novo
1013 3395 1118 3460 quam
1138 3396 1184 3439 ex
1205 3378 1297 3442 anti·

349 3492 419 3555 qno
429 3472 521 3555 jure,
537 3473 687 3537 Romani
704 3475 885 3556 pontifices
900 3476 1155 3558 persolvebant,
1168 3475 1210 3540 de
1228 3497 1298 3559 quo

349 3572 453 3635 etiam
480 3592 616 3654 semper
638 3593 747 3656 usque
769 3575 813 3639 ad
834 3575 935 3640 istius
957 3595 1058 3658 papae
1080 3582 1238 3659 tempora
1258 3578 1296 3640 in

349 3673 566 3752 possessione
581 3673 732 3738 suerunt.
783 3674 841 3739 Ad
861 3675 926 3740 hoc
938 3675 1022 3740 dicit
1035 3695 1139 3757 papa,
1156 3677 1250 3759 quod
1267 3676 1298 3740 si

351 3771 497 3834 ecclesia
523 3771 684 3836 Romana
709 3775 921 3857 temporibus
947 3776 1207 3856 persecutionis,
1234 3797 1297 3860 pro

350 3869 547 3934 defensione
564 3890 628 3935 sua
647 3879 683 3936 et
699 3894 762 3955 pro
778 3876 870 3939 bono
889 3874 997 3957 pacis,
1015 3874 1202 3957 aliquando
1225 3896 1298 3941 ma-

346 3968 442 4051 jores
474 3970 625 4035 civitatis
652 3973 689 4035 in
720 3973 820 4038 donis
846 3973 1008 4057 gratuitis
1038 3973 1228 4038 liberaliter
1246 3997 1300 4040 re-

386 4146 587 4214 ¹Eodemnnno.]
613 4151 811 4216 Raynaldi‚An-
870 4147 1036 4213 ²Ru7uoais.]
1061 4149 1124 4198 ‘Vel
1145 4152 1221 4200 etiam
1241 4168 1301 4216 rege

350 4219 401 4268 nal.
412 4219 440 4269 ii.
452 4235 478 4281 p.
487 4223 543 4269 117.
838 4220 877 4269 vel
888 4221 1037 4281 imperatore
1043 4220 1062 4281 ς’
1079 4220 1163 4272 Paris.
