2864 4866
395 394 535 444 neonus
558 394 830 446 nrsronranun.
1041 377 1083 446 41

135 561 284 620 cessant.
336 553 393 619 Ad
415 554 504 618 hanc
528 561 644 619 autem
663 555 782 637 populi
810 553 998 620 Christiani
1025 556 1083 620 de·
1097 575 1152 616 aa
1164 575 1220 614 rna

137 657 311 722 notionem
349 662 385 720 et
418 673 582 719 manuum
620 655 657 718 in
694 655 816 719 caelum
857 656 1085 720 elevationem
1097 629 1229 719 iamt
1163 683 1207 718 to

137 756 268 820 levavit
298 755 427 818 scalam
457 753 575 819 divina
603 755 727 837 pietas,
756 754 940 838 ignemque
963 774 1086 820 accen·
1098 728 1164 769 ω
1149 739 1171 768 ¹¹'

138 876 215 920 sum
252 855 405 919 fidelium
438 854 625 938 lachrymae
658 854 928 935 exstinxerunt3
967 862 1002 919 et
1035 856 1087 919 sic

138 956 256 1020 fideles
283 954 460 1032 Crucifixi,
485 954 616 1018 viribus
641 954 837 1036 resumptis,
862 974 939 1018 cum
969 954 1088 1019 defen·

138 1056 274 1120 soribus
302 1055 408 1119 turris
438 1053 580 1130 lanceis,
614 1053 753 1135 gladiis,
786 1054 906 1132 clavis,
936 1054 1086 1137 sagittis,

139 1156 285 1239 aliisque
314 1153 447 1217 bellicis
476 1153 715 1217 instrumentis
739 1152 883 1218 viriliter
907 1173 1086 1237 pugnave-

140 1262 232 1319 runt.
284 1253 433 1319 Juvenis
460 1253 600 1336 quidam
628 1251 828 1318 Leodiensis
854 1255 1024 1331 dioecesiS,
1049 1255 1086 1318 in

140 1354 264 1420 militia
294 1361 471 1437 expertus,
502 1353 622 1417 turrim
650 1352 745 1436 prius
774 1355 953 1434 ascendit3
987 1354 1087 1418 Friso

141 1455 279 1539 quidam
300 1453 523 1537 juvenculae,
543 1453 664 1517 turrim
685 1453 887 1532 ascendens,
912 1453 1087 1536 flagellum

140 1556 280 1621 tenebat
294 1553 441 1618 ferreum
463 1573 533 1636 quo
549 1573 695 1635 granum
714 1555 834 1618 excuti
848 1556 947 1632 solet,
965 1554 1025 1618 sed
1043 1554 1088 1618 ad

141 1654 367 1739 pugnandum
391 1660 564 1736 paratum,
580 1652 670 1717 uude
685 1652 821 1718 fortiter
837 1661 933 1719 trans
953 1672 1086 1717 murum

144 1756 188 1822 ad
211 1756 370 1819 dextram
392 1753 588 1836 percutiens
606 1753 724 1817 hostes
744 1752 824 1817 fidei
840 1752 932 1817 etad
950 1753 1087 1831 laevam,

143 1854 315 1940 quendam
339 1852 564 1930 Saracenum,
585 1871 743 1917 croceum
760 1851 903 1916 Soldani
922 1852 1087 1917 ferentem

143 1957 293 2037 signum,
308 1952 433 2017 stravit
448 1959 483 2015 et
501 1951 666 2016 vexillum
688 1952 789 2031 tulit3
816 1971 857 2016 ac
882 1952 1004 2017 deinde
1028 1952 1088 2016 alii

144 2062 224 2138 post
248 2053 336 2118 elios
360 2051 583 2118 ascendentes
605 2050 722 2115 hostes
748 2052 948 2116 resistentes
972 2071 1088 2115 sense-

144 2161 226 2221 runt
252 2153 454 2219 durissimos
481 2159 516 2216 et
549 2150 716 2216 crudeles.
767 2150 922 2234 Paganis
951 2150 1088 2215 tandem

144 2255 329 2339 superatis,
351 2261 430 2336 post
444 2251 563 2315 fletum
580 2258 615 2316 et
630 2251 809 2333 gemitum,
831 2250 993 2333 gaudium
1013 2271 1088 2316 suc-

144 2356 248 2420 cessit
264 2352 421 2417 fidelibus
447 2361 482 2415 et
499 2350 719 2435 triumphus3
754 2371 833 2415 nam
860 2351 961 2416 multi
985 2351 1088 2416 Sara·
1171 2390 1175 2397 -

145 2473 319 2529 cenorum,
332 2451 437 2517 turris
455 2452 652 2532 angustiam
668 2451 819 2534 perferre
836 2471 906 2517 non
921 2452 1089 2529 valentes,

146 2576 207 2640 per
223 2555 394 2618 fenestras
416 2551 612 2634 praccipites
629 2551 775 2616 evadere
791 2553 988 2635 cupiebant,
1006 2572 1088 2636 quo

146 2676 220 2719 rum
252 2652 353 2716 multi
383 2651 551 2715 submersi
582 2652 769 2733 perierunt,
799 2652 924 2715 flumen
954 2652 1090 2716 ebibere

147 2774 215 2822 non
238 2753 412 2830 valentes;
451 2751 496 2814 ad
521 2759 657 2815 centum
691 2770 827 2834 quoque
860 2770 905 2814 ex
937 2751 986 2815 eis
1019 2752 1089 2816 vivi

146 2854 238 2937 capti
254 2859 337 2917 sunt
355 2858 390 2916 et
411 2850 455 2914 ad
473 2850 741 2933 redemptionem
757 2851 937 2915 reservati·
990 2850 1090 2915 Tunc

145 2952 319 3029 Saraceni,
336 2950 396 3033 qui
413 2949 450 3013 in
471 2949 690 3015 interioribus
713 2969 789 3014 sese
804 2962 1003 3033 receperant
1019 2955 1090 3014 tur-

147 3055 253 3129 ribus,
282 3038 363 3133 igne
391 3050 583 3132 supposito,
612 3050 828 3132 superficiem
860 3051 965 3113 turris
996 3068 1090 3113 com·

146 3156 342 3228 busserunt,
356 3150 447 3214 uude
464 3148 652 3214 Christiani
674 3149 823 3214 victores
846 3150 994 3213 calorem
1016 3167 1092 3211 sus-¹

147 3256 256 3319 tinere
286 3270 356 3314 uon
389 3249 544 3313 valentes
577 3249 726 3331 regressi
762 3255 845 3313 suut
877 3267 982 3330 super
1013 3266 1090 3311 sca—

147 3355 238 3432 lam3
271 3369 313 3414 ac
337 3349 459 3414 deinde
487 3356 641 3431 pontem,
667 3348 786 3431 quiin
813 3348 965 3411 inferiori
991 3357 1091 3429 parte

147 3452 261 3536 operis
300 3455 517 3533 praeparatus
553 3447 676 3524 fuerat,
717 3447 927 3511 demiserunt
961 3445 1090 3510 Christi

147 3553 273 3622 milites
287 3568 397 3632 usque
414 3547 458 3612 ad
474 3548 595 3630 pedem
612 3547 728 3625 turris,
746 3548 846 3629 aquis
861 3547 1041 3630 profundis
1056 3554 1092 3611 ct

146 3652 298 3734 undique
320 3647 634 3712 circumfluentibus
656 3653 853 3729 angustum,
873 3646 932 3710 sed
957 3646 1092 3709 malleis

146 3752 265 3815 ferreis
288 3749 433 3833 januam
456 3747 561 3812 turris
588 3747 745 3830 aggressi
770 3753 852 3810 sunt
880 3745 1007 3822 fideles,
1034 3746 1092 3808 de-

148 3849 365 3915 fendentihus
388 3866 464 3912 earn
493 3847 698 3912 intrinsecus
721 3845 914 3910 Saracenis.
967 3845 1091 3909 Stabat

148 3959 333 4033 utrumque
362 3967 449 4030 opus
479 3947 652 4011 immobile
686 3946 772 4010 turri
809 3945 1001 4022 adhaerens,
1031 3944 1092 4007 sed

148 4069 282 4117 asseres
298 4048 403 4113 scalae
419 4066 482 4129 pro
496 4053 595 4129 parte
612 4047 757 4110 discussi
770 4045 919 4111 fuerunt.
971 4043 1092 4109 Ambi-

149 4160 206 4217 tus
226 4159 341 4215 tamen
359 4148 473 4230 operis
488 4146 724 4211 machinarum
742 4146 867 4210 ictibus
883 4143 1003 4209 multis
1015 4162 1095 4204 ner·
