2864 4866
432 413 572 462 rnoaas
596 414 867 467 nrsrormnuu.
1056 405 1122 468 155

200 641 249 704 Do
263 639 446 726 quibusdan
462 645 547 709 nonis
561 647 804 713 institutionibus
819 650 899 735 nonis
914 647 1099 734 Anoionnnn.

221 759 337 830 Anno¹
356 766 497 831 Domini
512 785 725 834 mccxxvlu.
736 790 799 834 rex
813 769 1008 853 Anglorum
1023 770 1121 834 Hen-
1133 797 1189 836 nn.
1199 798 1256 836 nro.

171 864 262 929 ricus
284 866 410 930 sestam
431 868 624 933 Dominicae
648 871 842 935 nativitatis
871 871 963 953 apud
990 847 1283 958 Ebora-ini'iii‘iiiia

171 983 248 1028 cum
274 967 461 1032 solenniter
484 968 683 1046 celebravit,
706 977 741 1034 et
766 972 924 1054 protinus
953 971 1033 1035 inde
1066 949 1281 1034 re·⁰“¹⁸¹¹¹’⁸‘⁰'

125 1142 128 1148 Ι
170 1065 294 1130 cedens
309 1087 429 1132 versus
444 1067 659 1133 Londoniam
682 1077 777 1134 recto
792 1072 930 1135 tramite
956 1090 1120 1153 propera·

171 1165 233 1229 vit.
286 1166 331 1230 In
355 1167 421 1231 hoc
444 1176 560 1233 autem
584 1168 707 1235 itinere
728 1190 907 1236 mensuras
927 1170 1033 1247 bladi,
1049 1173 1121 1236 vini

171 1273 206 1328 et
228 1266 324 1330 celiae
346 1266 510 1332 salsitatis
533 1288 681 1351 arguens
704 1270 863 1353 quaedam
887 1269 1057 1350 confregit
1085 1278 1121 1335 et

171 1367 370 1431 comburere
395 1368 562 1433 nonnulla
588 1371 766 1452 praecepit,
790 1379 825 1436 et
846 1391 933 1436 vasa
952 1371 1120 1435 substitu-

171 1485 231 1529 ens
246 1467 429 1548 capaciora
450 1489 574 1552 panem
593 1470 734 1554 maj0ris
757 1471 918 1553 ponderis
939 1470 1013 1533 fieri
1028 1469 1121 1550 fecit,

171 1574 206 1630 et
220 1566 324 1650 hujus
346 1570 471 1632 statuti
494 1577 748 1653 contemptores
770 1591 877 1654 poena
899 1571 999 1654 gravi
1018 1590 1122 1653 pecu-

171 1667 281 1730 'niaria
294 1667 454 1733 mulctari
471 1670 647 1752 praecepit.

220 1766 352 1831 Eodem
369 1775 533 1851 tempore,
552 1789 669 1834 mense
686 1770 710 1834 J
712 1770 868 1844 aunario,
882 1762 1062 1851 ²R0gerus
1079 1771 1122 1834 de
1132 1786 1217 1838 Leaena

1132 1839 1259 1889 concernlng

171 1866 359 1947 Theoneio,
374 1868 427 1932 vir
441 1868 567 1933 nobilis
583 1877 618 1934 et
631 1870 728 1935 miles
744 1880 917 1947 strenuuS,
931 1888 1001 1933 non
1018 1871 1121 1953 longe
1133 1889 1237 1988 ggffigye

171 1986 194 2031 a
220 1967 383 2048 Radingo
412 1969 502 2033 diem
529 1970 656 2035 clausit
680 1989 900 2053 supremum
931 1970 1030 2052 cujus
1051 1971 1121 2037 fra·
1133 1991 1174 2029 ane
1184 1990 1217 2028 aa

172 2074 225 2131 ter
244 2068 357 2152 major
372 2075 458 2133 natu
481 2069 701 2153 Radulphus,
719 2069 779 2152 qui
794 2076 877 2133 tuuc
892 2070 1016 2133 absens
1034 2078 1121 2149 erat,
1132 2040 1222 2079 ''mm“

171 2168 313 2250 cupiens
339 2170 517 2252 cumipse
546 2170 672 2234 habere
697 2170 905 2253 colloquium
935 2177 1121 2252 antequam

171 2268 293 2344 obiret,
321 2288 400 2332 cum
427 2268 647 2337 festinatione
666 2272 765 2335 venit.
783 2271 826 2334 ad
858 2289 947 2346 eum,
975 2271 1036 2333 sed
1061 2271 1121 2334 dc-

171 2367 290 2432 functo
312 2366 432 2446 fratre,
456 2389 558 2451 quem
585 2370 731 2435 multum
759 2370 894 2447 dilexit,
918 2371 1120 2452 priusquam

171 2466 314 2544 veniret,
336 2488 399 2533 nec
426 2489 545 2534 vocem
569 2468 606 2534 in
632 2471 693 2534 illo
722 2491 785 2534 nec
810 2489 949 2534 sensum
973 2471 1118 2536 invenit.

172 2567 379 2650 Radulphus
398 2588 482 2634 vero
504 2570 546 2635 de
572 2570 689 2635 fratris
705 2572 801 2635 obitu
818 2570 920 2635 valde
937 2572 1120 2634 contrista-

170 2675 227 2732 tus
242 2669 350 2750 coepit
366 2687 442 2732 cnm
466 2669 550 2734 fletu
567 2678 602 2735 et
617 2670 862 2736 vociferatione
884 2671 1037 2734 maxima
1052 2671 1119 2734 fra·

173 2775 259 2832 trem
270 2768 345 2852 jam
367 2768 567 2834 defunctum
584 2770 809 2854 adjurarent
827 2770 979 2833 fraterno
995 2770 1119 2834 ductus

171 2868 295 2933 affectu
319 2887 435 2932 secum
454 2869 652 2952 loqueretur
668 2891 677 2950 ;
702 2889 848 2952 cumque
869 2889 983 2934 coram
1002 2871 1120 2934 militi-

170 2970 234 3032 bus
254 2967 327 3031 suis
354 2976 389 3032 et
408 2969 484 3032 aliis
508 2969 626 3034 multis
645 2970 864 3034 adstantibus
892 2969 1058 3033 clamores
1083 2977 1119 3034 et

171 3068 425 3133 obsecrationes
450 3070 692 3151 ingeminaret,
723 3069 854 3132 addidit
882 3069 1000 3145 etiam,
1026 3070 1118 3150 quod

169 3187 344 3250 nunquam
374 3169 534 3252 deinceps
559 3169 765 3246 comederet,
790 3169 857 3231 nisi
881 3168 990 3249 ipsius
1012 3168 1118 3232 collo-

170 3268 252 3351 quio
270 3267 449 3334 frueretur.
502 3268 602 3334 Tunc
626 3277 783 3334 mortuus
807 3268 866 3332 ille
890 3268 927 3330 in
951 3268 1042 3331 lecto
1065 3288 1118 3331 re-

170 3368 285 3431 sidens
305 3368 499 3452 increpavit
519 3370 644 3435 acriter
663 3370 816 3446 fratrem,
844 3368 936 3451 quod
959 3368 1117 3449 spiritum

169 3469 244 3552 ejus
287 3469 484 3553 inquietans
521 3470 565 3534 ad
603 3490 728 3554 corpus
764 3470 877 3535 denuo
907 3476 1116 3533 revocasset.

170 3569 217 3633 ‘J
220 3568 298 3646 am‚'
324 3571 448 3653 inquit,
464 3575 521 3635 ‘et
545 3590 668 3652 poenas
692 3570 762 3636 vidi
784 3570 952 3633 malorum
976 3576 1011 3632 et
1033 3588 1116 3651 gau-

170 3669 228 3733 dia
253 3670 447 3749 beatorum,
470 3689 603 3735 necnon
632 3670 805 3752 supplicia
829 3688 968 3751 magna,
993 3671 1117 3751 quibus

205 3865 298 3917 ¹Anno
320 3869 422 3919 Domini
444 3882 589 3920 ucexxvrrr.
618 3871 630 3934 ]
655 3871 684 3918 of
699 3869 773 3919 lands
791 3871 818 3917 in
836 3868 932 3930 Walee,
951 3868 1117 3932 Devonshire,

168 3940 282 4000 wanting
290 3939 317 3988 in
331 3940 360 3989 C.
656 3940 764 3990 Norsollr
775 3937 960 4005 (principally)‚
968 3940 1059 4001 Essex,
1067 3941 1117 3988 and

203 4007 334 4070 ²Rogorur
345 4011 373 4059 de
387 4010 526 4073 Picentia]
545 4010 576 4058 In
588 4010 630 4059 the
656 4011 862 4070 Hertfordshire;
880 4010 930 4058 and
947 4010 973 4057 in
984 4010 1026 4057 the
1038 4009 1080 4057 eth
1092 4009 1121 4058 of

168 4079 286 4141 Inquisit.
298 4084 466 4141 postmortem
474 4081 523 4129 itis
531 4082 631 4130 noticed
656 4081 769 4129 Edward
780 4081 804 4130 Ι.
817 4081 838 4128 is
850 4079 971 4129 recorded
985 4079 1027 4128 the
1041 4079 1117 4129 death

167 4149 223 4199 that
241 4165 257 4199 a
277 4150 362 4212 Roget
381 4152 414 4200 de
433 4151 531 4212 Tbony,
545 4153 572 4199 in
589 4151 631 4200 the
655 4152 684 4199 of
702 4150 854 4212 Radulphus
874 4152 906 4199 de
922 4150 1036 4211 Thonny,
1058 4150 1117 4213 selo,

170 4220 230 4270 nath
247 4220 276 4268 of
289 4220 379 4282 Henry
397 4222 461 4286 111.‚
471 4222 531 4271 died
548 4222 631 4271 seised
656 4222 740 4272 scised
751 4221 780 4271 ef
789 4221 862 4271 landa
874 4221 900 4269 in
911 4221 1109 4270 Hertlordshire.
