2864 4866
422 419 562 467 eronus
586 419 856 469 ursromnnun.
1046 404 1111 468 219

164 598 268 662 quam
302 581 485 662 praelatis3
521 583 577 645 eui
611 581 818 659 Richardus,
849 583 1246 648 CantuariensisA·D·¹²³¹·

163 680 453 764 archiepiscopus,
476 689 511 745 et
533 682 673 764 quidam
696 682 848 765 episcopi
873 703 949 746 cum
979 701 1021 745 eo
1050 703 1112 746 au-

164 779 282 844 dacter
315 783 516 846 resistentes
542 782 716 859 dixerunt,
739 784 832 864 quod
858 803 927 846 non
950 790 1111 847 tenentur

163 880 228 942 viri
255 881 479 946 ecclesiastici
504 881 637 966 judicio
668 883 792 966 subjici
826 884 1003 958 laicorum,
1032 902 1110 945 cum

164 980 294 1063 absque
315 982 384 1045 illis
407 1002 606 1046 concessum
625 983 747 1046 fuisset
762 984 957 1065 scutagium
980 982 1015 1044 in
1032 983 1110 1045 fini-

163 1080 227 1142 bus
257 1084 505 1146 transmarinis.
580 1082 737 1147 Tandem
767 1092 847 1166 post
873 1083 1000 1146 multas
1030 1082 1109 1147 hinc

163 1179 243 1244 inde
264 1180 532 1265 disceptationes
555 1184 745 1264 negotium,
766 1179 935 1265 'quantum
961 1181 1004 1244 ad
1023 1202 1109 1264 prae·

71 1308 74 1314 ·
164 1279 253 1343 latos
275 1281 515 1360 reclamantes,
536 1302 646 1366 usque
668 1283 704 1346 in
721 1283 911 1365 quindecim
933 1282 1006 1344 dies
1029 1289 1110 1364 post

165 1379 299 1444 Pascha
337 1382 538 1446 dilationem
575 1383 736 1464 accepit3
780 1401 897 1445 omnes
933 1382 1005 1458 alii,
1038 1388 1109 1444 tam

163 1479 242 1542 laici
259 1500 362 1562 quam
386 1482 500 1546 clerici
520 1500 560 1545 ao
578 1482 725 1564 praelati,
744 1482 908 1545 favebant
927 1481 1033 1562 regiae
1050 1501 1111 1544 vo-

163 1578 299 1643 luntati.

253 1756 303 1819 Dc
319 1753 476 1819 discordia
493 1754 574 1819 inter
589 1776 686 1841 repen
700 1763 729 1818 ct
744 1751 1016 1838 archepiscopum.

233 1875 301 1942 Per
328 1870 418 1941 idem
443 1886 579 1961 tempus
610 1877 819 1954 Richardus,
846 1876 1109 1941 Cantuariensis
1123 1888 1235 1948 thearch-

1123 1939 1196 1988 brshop
1205 1949 1261 1978 eom·
1334 1988 1336 1992 .

163 1977 453 2061 archiepiscopus
469 1979 513 2041 ad
528 1997 644 2060 regem
660 1979 802 2041 veniens
818 1970 1043 2058 ¹conquestus
1057 1982 1110 2039 est
1122 1989 1251 2078 lilith.

164 2076 206 2140 de
230 2077 403 2155 Huberto,
426 2074 564 2160 Anglia'e
582 2078 789 2161 justiciario,
813 2076 904 2158 quod
930 2075 1108 2140 castellum
1119 2089 1236 2138 rualeno·

164 2176 206 2241 de
223 2177 452 2260 Tunebregge
476 2197 554 2241 cum
576 2178 662 2252 villa,
681 2184 715 2241 et
734 2176 950 2259 pertinentiis
976 2175 1052 2258 ejus
1075 2183 1110 2240 et

164 2277 251 2341 alias
271 2279 438 2362 quasdam
458 2284 567 2342 terras
593 2277 760 2341 Gileberti
784 2277 919 2340 comitis
941 2276 985 2340 de
1008 2275 1110 2339 Clare

164 2397 273 2460 nuper
301 2379 466 2455 defuncti,
495 2398 573 2462 quae
602 2378 647 2442 ad
673 2377 733 2461 jus
762 2396 861 2440 suum
890 2382 925 2439 et
954 2376 1109 2440 ecclesiae

165 2476 424 2543 Cantuariensis
466 2479 683 2562 spectabant,
721 2478 865 2561 [injuste
903 2475 1109 2556 detinebat]

165 2578 255 2642 unde
276 2579 366 2642 idem
384 2598 498 2643 comes
520 2579 585 2643 sibi
606 2586 641 2642 et
657 2578 931 2641 antecessoribus
946 2576 1018 2640 suis
1036 2577 1110 2658 ipse

165 2684 200 2740 et
214 2679 484 2760 praedecessores
507 2679 561 2742 sui
583 2679 627 2742 ad
650 2677 919 2759 recognitionem
941 2684 976 2741 et
992 2677 1110 2739 homa·

164 2778 259 2858 gium
277 2779 506 2858 tenebantur;
542 2778 673 2861 quade
695 2797 802 2841 causa
824 2796 939 2858 regem
961 2775 1111 2856 rogavit,

165 2883 204 2939 ut
225 2878 416 2942 custodiam
440 2877 523 2941 dicti
548 2877 682 2942 castelli
705 2896 783 2940 cum
807 2876 1023 2958 pertinentiis
1046 2874 1111 2937 sibi

165 2977 362 3042 restitueret
391 2984 427 3041 et
446 2977 530 3061 jura
555 2976 709 3042 ecclesiae
738 2973 1000 3039 Cantuariensis
1030 2993 1111 3037 con-

165 3085 319 3142 servaret
340 3078 462 3141 illaesa.
515 3077 572 3142 Ad
594 3077 669 3141 haec
690 3075 901 3158 respondens
922 3093 986 3137 rex
1008 3073 1111 3150 dixit,

165 3171 341 3242 comitem²
369 3177 552 3261 praefatum
580 3177 623 3241 de
654 3196 691 3240 se
717 3183 833 3240 tenere
859 3175 895 3238 in
923 3173 1049 3255 capite,
1077 3179 1112 3236 et

204 3351 372 3418 ¹Cuaqroestus
396 3360 433 3404 est
454 3358 483 3404 de
503 3356 624 3416 Huberto,
651 3359 677 3404 to
706 3354 862 3416 Tunbm'dge,
893 3367 922 3415 as
958 3351 1041 3401 stated
1077 3351 1110 3412 by

166 3421 268 3485 Anglioe
293 3424 444 3486 justitiario.
466 3420 480 3494 ]
533 3425 625 3476 Chron.
652 3426 738 3486 Carte,
759 3425 786 3473 ii.
805 3440 831 3485 p.
854 3427 896 3473 40.
931 3423 963 3470 In
980 3422 1022 3470 the
1044 3421 1110 3469 land

166 3492 261 3542 Dunst.
278 3509 305 3556 p.
322 3498 379 3544 aba.
415 3495 469 3545 The
486 3497 588 3556 quarrel
603 3497 626 3544 is
653 3496 720 3544 Heu.
744 3494 796 3542 III.
813 3494 855 3542 the
877 3494 994 3554 seignory
1013 3491 1043 3539 ol
1061 3491 1111 3540 this

165 3563 297 3612 described
314 3565 341 3613 iu
352 3565 395 3614 the
410 3565 504 3615 Annel.
515 3565 626 3617 Waverl.
652 3579 738 3614 maner
755 3579 810 3612 was
831 3562 938 3611 claimed
960 3563 995 3621 by
1010 3560 1112 3609 archbi·

165 3647 195 3682 as
206 3633 281 3696 being
295 3636 409 3684 between
420 3636 462 3684 the
475 3636 626 3698 archbishop
652 3636 714 3696 shop
727 3633 857 3693 Bonisace,
868 3632 917 3681 and
927 3645 960 3680 an
969 3635 1112 3692 agreement

165 3704 211 3752 ‘et
227 3706 335 3768 regales,
352 3707 396 3767 qui
412 3706 534 3755 violenter
547 3708 628 3768 ejece·
652 3703 753 3753 entered
762 3703 815 3751 into
825 3704 860 3763 by
868 3702 919 3750 him
925 3700 988 3750 with
1000 3700 1112 3748 Richard

165 3777 225 3821 runt
246 3774 359 3824 homines
388 3776 571 3837 archiepiscopi
595 3775 627 3824 de
652 3773 683 3822 de
695 3773 780 3834 Clare,
789 3773 842 3821 earl
852 3772 881 3821 of
886 3771 1046 3832 Gloucester,
1054 3785 1112 3819 con·

166 3843 275 3904 quadam
310 3845 435 3905 custodia,
463 3861 531 3907 quae,
562 3846 628 3893 sicut
653 3845 755 3904 ceming
773 3842 815 3891 the
833 3843 952 3904 services,
967 3841 1051 3889 which
1069 3840 1112 3888 the

166 3913 292 3961 nonnullis
300 3914 382 3961 visum
392 3918 439 3975 est,
447 3915 547 3975 proprie
556 3929 628 3975 spec·
653 3912 804 3973 archbishop
816 3911 933 3973 required
949 3911 978 3959 ol
991 3910 1033 3959 the
1050 3911 1113 3968 earl,

165 3987 203 4031 tat
223 3983 316 4044 adjus
340 3983 529 4033 Cantuariensis
548 3985 628 4034 eecle-
653 3985 687 4044 by
695 3998 784 4033 reason
795 3982 823 4031 of
831 3983 873 4031 the
884 3984 1022 4030 tenements
1029 3980 1114 4028 which

165 4047 351 4117 sia33’p.193.
654 4054 696 4103 the
717 4055 791 4102 latter
813 4052 872 4101 held
889 4051 918 4100 ol
933 4050 984 4099 him
1004 4051 1030 4097 in
1046 4051 1115 4097 Tun·

201 4119 342 4173 ²Comitem
360 4160 366 4173 .
387 4159 392 4172 .
413 4124 465 4171 ‚de
482 4138 506 4171 ee
525 4124 628 4186 tenere]
655 4123 753 4185 bridge,
770 4128 835 4182 etc.;
852 4121 974 4170 Hasted's
992 4121 1069 4181 Kent,
1086 4120 1113 4167 ii.

165 4193 213 4242 See
224 4193 266 4242 the
278 4194 332 4243 title
346 4193 373 4242 ol
382 4193 424 4242 the
438 4194 504 4242 earls
516 4193 544 4242 ol
553 4192 627 4243 Clare
655 4210 680 4256 p.
693 4197 751 4256 311,
762 4193 812 4241 and
821 4194 855 4241 iv.
866 4208 892 4253 p.
905 4195 962 4254 768,
973 4194 1035 4240 note.
