2864 4866
416 415 557 466 omaus
580 415 851 465 msromnauu.
1040 402 1105 467 109

153 584 188 642 et
209 576 358 642 cilicium
384 576 508 654 induit,
530 585 637 660 atque
660 578 784 654 crines,
814 577 850 641 in
873 577 997 660 quibus
1023 578 1102 642 lux·
1120 594 1245 634 nemra

154 679 229 742 uria
260 696 406 760 regnare
442 678 543 754 solet,
573 675 829 761 despicabiliter
856 677 1025 761 praeoidit,
1058 688 1105 756 et,
1119 645 1211 695 mm

154 779 428 860 quibuscumque
469 777 580 843 modis
618 779 744 860 potuit,
776 779 968 842 naturalem
1002 798 1104 860 quem

155 877 306 944 habebat
328 878 482 962 corporis
505 878 663 942 decorem
683 879 719 941 in
741 898 875 942 omnem
898 877 1032 942 studuit
1047 879 1106 943 de·

155 977 366 1043 formitatem
387 977 584 1043 transferre.
637 977 705 1042 Sed
729 997 808 1041 cum
834 979 878 1042 ad
905 978 979 1043 haec
1004 979 1105 1042 nimis

154 1079 305 1144 inaniter
326 1078 531 1155 laborasset,
554 1077 636 1141 dum
660 1097 729 1143 non
753 1079 878 1160 potnit,
902 1079 1105 1161 prohibente

156 1186 294 1256 natura,
317 1179 609 1261 elegantissimam
636 1179 691 1240 sui
708 1179 862 1260 corporis
881 1178 1104 1261 [deformare]

156 1278 429 1363 dispositionem,
452 1297 531 1361 quae
554 1279 589 1341 in
613 1278 705 1342 omui
728 1278 948 1343 dimensitate
970 1278 1107 1343 videba-

157 1386 214 1447 tur
231 1380 331 1463 quasi
352 1378 643 1461 incomparabilis,
665 1378 761 1442 illam
784 1379 1011 1455 solummodo,
1027 1399 1106 1461 quae

156 1480 252 1544 intus
284 1485 371 1557 erat,
403 1479 516 1544 carnis
550 1477 752 1543 munditiam
787 1481 929 1561 perenni
959 1479 1106 1562 Sponso,

157 1581 218 1664 qui
242 1580 396 1646 incaelis
425 1588 491 1656 est,
516 1597 717 1644 consecrare
745 1578 939 1662 disposuit3
972 1588 1018 1657 et,
1041 1579 1106 1645 hoc

157 1681 371 1765 propositum
400 1688 440 1746 ut
463 1679 604 1743 liberius
634 1679 836 1762 perduceret
862 1680 905 1744 ad
936 1680 1106 1758 effectum,

158 1788 386 1865 spontaneam
408 1787 648 1863 paupertatem
671 1780 788 1862 elegit,
807 1778 955 1844 officium
977 1789 1108 1845 sanctae

159 1881 414 1966 praedicationis
436 1881 635 1963 assumpsit,
650 1882 797 1945 vestium
818 1881 1040 1964 asperitatem
1056 1883 1108 1945 in·

160 1982 247 2060 duit,
272 1982 422 2048 inlecto
446 2001 509 2064 pro
536 1988 649 2046 stratu
675 1987 833 2057 mattam,
859 2001 923 2065 pro
947 1982 1107 2046 cervicali

161 2102 296 2161 saxum,
326 2081 459 2160 habuit,
487 2089 591 2164 atque
622 2081 659 2146 in
681 2081 811 2164 vigiliis
839 2083 1050 2147 continuatis
1073 2089 1108 2145 et

156 2184 301 2270 jejuniis
326 2201 463 2247 caruem
491 2181 661 2264 affligens,
685 2182 900 2246 orationibus
931 2183 1108 2260 insistens,

161 2285 197 2350 iu
218 2282 645 2366 rerumsupercaelestium
664 2283 954 2365 contemplatione
977 2281 1111 2346 studuit

162 2384 426 2466 infatigabiliter
457 2382 664 2448 conversari.
733 2381 902 2461 Tandem,
938 2403 1016 2447 cum
1050 2403 1111 2465 per

162 2485 349 2551 multorum
380 2483 551 2549 curricula
578 2502 747 2547 annorum
769 2484 806 2548 in
833 2483 926 2548 omni
950 2483 1111 2567 perfecti-

163 2605 229 2651 one
257 2592 293 2650 et
316 2584 400 2650 ritae
428 2584 614 2649 sanctitate
642 2583 719 2649 Deo
747 2583 883 2666 placere
905 2591 941 2649 et
964 2603 1112 2667 evange·

164 2686 249 2751 lium
269 2687 365 2769 pacis
384 2704 446 2768 per
467 2683 628 2748 civitates
651 2691 685 2748 et
702 2684 857 2761 castella,
880 2692 915 2748 et
937 2686 1111 2767 praecipue

164 2787 265 2851 sexui
286 2785 456 2862 muliebri,
479 2784 666 2866 praedicare
684 2784 876 2861 studuerat,
895 2784 1019 2849 invidit
1036 2786 1112 2869 ejus

164 2885 367 2969 perfectioni
384 2884 525 2948 humani
550 2884 685 2965 generis
707 2885 886 2962 inimicus,
901 2895 936 2949 et
953 2905 1014 2968 per
1032 2905 1111 2968 sep·

164 2993 233 3052 tem
267 3005 402 3051 menses
432 2985 469 3048 in
496 2990 549 3048 tot
579 2985 729 3067 puellam
764 3005 805 3049 ac
836 2985 963 3049 talibus
998 3005 1111 3050 rerum

163 3086 371 3153 secularium
411 3084 660 3150 tentationibus
704 3087 924 3167 submergere
966 3087 1112 3162 curavit,

166 3186 270 3270 quod,
299 3186 364 3250 uisi
394 3186 425 3250 ei
457 3184 613 3250 divinum
645 3184 814 3250 adfuisset
836 3186 1016 3263 auxilium,
1039 3205 1112 3250 om·

166 3287 225 3353 nia
254 3287 346 3351 bona
378 3286 461 3351 vitae
497 3286 723 3368 praecedentis
764 3285 879 3350 studia
915 3287 1110 3364 amisisset3

166 3387 305 3454 reduxit
333 3405 481 3470 namque
515 3386 547 3449 ei
582 3386 625 3450 ad
661 3394 810 3451 mentem
847 3386 1004 3450 diabolus
1040 3386 1112 3450 die*

165 3489 231 3552 bus
253 3487 356 3551 simul
378 3495 414 3551 et
431 3486 590 3550 noctibus
613 3487 744 3570 praedia
766 3494 947 3570 parentum
972 3506 1113 3550 suorum

163 3607 244 3674 quae
266 3587 453 3672 reliquerat
470 3585 739 3663 foecundissima,
754 3589 934 3652 vinearum
950 3585 1114 3652 fertilium

167 3689 410 3765 emolumenta,
442 3687 557 3770 spatia
594 3696 771 3770 pratorum
807 3687 1041 3752 amoenissima
1080 3695 1116 3752 et

168 3789 292 3854 florum
321 3788 536 3853 diversorum
566 3789 734 3853 varietate
763 3788 937 3863 distincta,
970 3788 1116 3852 fontium

167 3889 430 3955 scaturientium
454 3895 489 3952 et
511 3888 699 3952 rivulorum
722 3888 876 3953 suaviter
902 3907 1115 3951 murmuran-

168 3991 253 4055 tium
276 3990 539 4066 oblectamenta,
566 3989 738 4071 lignorum
759 3990 795 4052 in
821 3988 1016 4053 nemoribus
1038 4009 1116 4071 pro-

167 4091 357 4167 ceritatem,
375 4090 482 4172 prolis
504 4088 777 4166 foecunditatem,
795 4089 912 4153 viriles
935 4089 1117 4171 amplexus

168 4212 209 4257 ac
228 4191 364 4258 veneris
385 4190 476 4254 inter
501 4209 630 4254 marem
655 4197 690 4254 et
712 4190 888 4254 foeminam
915 4189 1116 4253 delectatio·
