2864 4866
175 764 230 804 A.D.
240 764 298 802 12³1.

175 815 243 853 Truce
254 813 304 852 with
333 853 335 858 ,

174 865 260 904 Franco.

335 365 401 428 224
588 376 722 424 uocum
747 378 793 426 uu
818 377 1024 426 wunuovun

335 619 385 681 Do
399 617 514 704 treugis
528 617 652 681 statutis
667 616 749 679 intur
763 635 843 700 rapas
854 615 1053 678 Francorum
1064 623 1091 678 ot
1102 614 1287 701 duplorum.

400 740 502 805 Circa
517 741 654 805 eosdem
674 739 758 816 dies,
780 759 895 803 mense
916 739 939 802 J
943 739 1036 816 nnio,
1055 760 1118 805 rex
1135 740 1287 806 Franco·

337 862 413 905 rum
437 841 611 924 promovit
637 841 826 903 exercitum
851 839 1106 921 copiosum,rut
1132 838 1288 904 Armori-

337 948 460 1006 cauam
485 941 701 1005 Britanniam
729 946 969 1022 expugnaret3
1004 940 1076 1016 sed,
1105 960 1182 1003 cnm
1211 942 1286 1024 ejus

338 1043 527 1108 adventum
542 1039 717 1104 Henricns
734 1039 925 1102 Britanniae
940 1045 975 1102 et
987 1038 1196 1122 Ranulphns
1206 1042 1288 1105 Ces-

338 1143 414 1206 triae
445 1142 597 1217 comites,
627 1141 687 1222 qui
713 1139 749 1202 in
778 1139 904 1203 finibus
934 1139 1003 1201 illis
1033 1139 1164 1203 militiae
1196 1143 1288 1223 regis

339 1242 532 1325 Anglorum
553 1247 737 1324 praeerant,
759 1239 1015 1324 cognovissent,
1038 1241 1112 1321 regi
1142 1259 1288 1322 parave-

339 1350 419 1406 runt
435 1342 576 1405 insidias
594 1341 758 1416 venienti,
782 1346 818 1402 et
841 1357 863 1402 a
886 1346 985 1421 tergo
1008 1340 1133 1404 rhedas
1155 1341 1230 1424 ejus
1253 1349 1289 1406 et

339 1442 510 1519 vehicula,
541 1460 618 1523 qnae
643 1459 740 1504 arma
763 1438 920 1503 ferebant
950 1459 1027 1503 cnm
1057 1440 1230 1505 alimentis
1252 1450 1288 1505 et

339 1542 520 1618 machinis,
557 1541 762 1606 invadentes
800 1546 966 1623 ceperunt
996 1541 1122 1618 omnia,
1157 1548 1191 1604 et
1217 1562 1287 1605 ma-

339 1643 459 1706 chinas
492 1642 572 1723 igne
607 1648 865 1704 concremantes
897 1640 1021 1704 lucrati
1047 1648 1129 1705 sunt
1160 1641 1286 1705 ibidem

339 1763 447 1826 equos
473 1740 669 1822 sexaginta.
714 1739 849 1804 Deinde
882 1740 1020 1817 Franci,
1044 1760 1120 1803 cnm
1147 1741 1288 1804 Britan-

340 1845 433 1908 niam
457 1847 704 1924 cognoscerent
724 1841 823 1923 qnasi
846 1840 1161 1922 inexpugnabilem,
1185 1842 1288 1905 simul

340 1949 375 2007 et
397 1943 508 2007 debile
535 1942 740 2024 principium
762 1960 860 2003 sunm
888 1940 1054 2004 habentes
1078 1948 1288 2023 suspectum,

339 2043 605 2126 procurantibus
630 2062 675 2105 ex
700 2046 800 2123 parte
830 2040 920 2122 regis
939 2040 1151 2105 Francorum
1175 2042 1288 2105 archi·

340 2144 502 2227 episcopo
518 2143 683 2208 Remensi
700 2148 735 2206 et
747 2140 909 2225 Philippo
924 2141 1048 2205 comite
1064 2142 1288 2219 Bononiensi,

340 2251 446 2326 atque
462 2264 506 2307 ex
523 2251 621 2327 parte
637 2243 729 2324 regis
740 2240 933 2322 Anglornm
952 2241 1134 2305 comitibus
1150 2242 1289 2306 Britan-

339 2345 406 2407 niae
432 2350 468 2408 et
495 2343 639 2408 Cestriae
658 2344 694 2405 in
719 2342 783 2405 hoc
804 2341 1108 2419 consentientibus,
1128 2335 1289 2408 lstatutae

340 2451 422 2508 sunt
436 2452 568 2525 treugae
583 2450 617 2507 et
628 2443 827 2526 juramento
838 2443 983 2506 firmatae
998 2443 1185 2506 triennales
1199 2443 1290 2507 iuter

340 2544 451 2607 dictos
474 2562 573 2625 reges
597 2543 698 2607 tertio
724 2561 833 2606 nonas
859 2542 882 2605 J
886 2542 956 2606 ulii.
1009 2542 1139 2606 Eodem
1172 2563 1289 2608 mense

340 2644 363 2707 J
368 2645 436 2707 ulio
463 2643 601 2721 Petrus,
621 2642 872 2707 Wintoniensis
900 2643 1092 2725 episcopus,
1117 2643 1289 2727 completo

340 2745 375 2807 in
398 2751 491 2807 terra
515 2743 751 2826 promissionis
763 2742 838 2825 jam
854 2742 1001 2825 fereper
1017 2743 1288 2826 quinquennium

341 2844 533 2924 magnificae
559 2843 846 2927 peregrinationis
870 2851 966 2919 voto,
989 2862 1146 2907 reversus
1173 2850 1227 2907 cst
1252 2844 1288 2907 in

340 2942 517 3025 Angliam,
540 2951 575 3008 et
596 2945 631 3007 in
654 2942 812 3007 kalendis
827 2939 982 3024 Augusti
1002 2943 1192 3008 Wintoniae
1212 2963 1288 3008 sns-

341 3052 462 3126 ceptus
488 3051 541 3108 est
569 3064 646 3107 cum
677 3043 896 3126 processione
926 3043 1059 3106 solenni
1084 3045 1120 3108 in
1144 3044 1289 3108 ecclesia

341 3144 542 3209 cathedrali.
576 3138 775 3208 ²Venernnt
791 3143 910 3206 eodem
926 3150 1092 3226 tompore,
1106 3151 1186 3226 post
1196 3151 1288 3209 tren·

341 3263 405 3325 gas
429 3252 592 3321 statutas,
610 3263 723 3307 comes
739 3243 930 3308 Britanniae
946 3251 981 3307 et
998 3263 1112 3307 comes
1131 3243 1287 3323 cestriae,

342 3364 421 3407 cum
461 3344 636 3409 Richardo
676 3343 897 3419 Maresca110‚
936 3362 980 3407 ex
1017 3343 1141 3407 finibus
1175 3351 1288 3408 trans-

342 3445 482 3508 marinis
509 3445 545 3508 in
572 3442 750 3526 Angliam,
786 3450 822 3508 et
854 3442 898 3506 ad
930 3463 1046 3525 regem
1078 3443 1223 3526 profecti
1252 3445 1289 3508 in

341 3543 517 3621 Walliam,
532 3545 592 3627 qui
609 3543 721 3607 adbuc
735 3544 969 3626 occupabatur
982 3544 1019 3606 in
1034 3544 1290 3609 constructione

377 3749 498 3801 ¹Stntutoe
506 3753 684 3815 mattreugae]
702 3753 800 3802 Letters
860 3749 1032 3821 ²Veaerant.]
1058 3755 1149 3804 Before
1168 3755 1234 3804 their
1252 3771 1291 3806 re-

342 3822 552 3884 plenipotentiary
562 3821 600 3870 for
617 3823 768 3884 concluding
785 3838 801 3872 a
823 3829 891 3885 turn,
903 3840 935 3873 au
946 3825 998 3886 aid,
1009 3840 1025 3873 a
1037 3826 1138 3875 fortietb
1149 3826 1245 3888 partos
1253 3827 1288 3875 all

340 3891 480 3941 trucewilh
488 3891 801 3954 Francebadbeengraut·
823 3895 866 3944 the
888 3895 1031 3944 moreableu
1056 3896 1086 3944 ol
1109 3896 1151 3944 tbe
1173 3897 1289 3959 nobility,

340 3962 372 4010 ed
383 3965 408 4010 to
418 3961 460 4009 the
469 3962 522 4011 earl
539 3961 568 4011 of
582 3961 733 4012 Oomwallis
750 3964 800 4012 and
824 3966 896 4027 laity,
919 3965 969 4014 and
991 3967 1094 4027 regular
1116 3967 1167 4015 and
1189 3967 1290 4016 secular

340 4031 433 4094 others,
448 4032 524 4080 dated
544 4031 587 4080 oth
605 4031 634 4080 of
654 4032 802 4094 September
824 4036 920 4097 clergy,
931 4034 982 4083 bad
995 4035 1058 4085 been
1070 4036 1177 4097 granted
1188 4038 1223 4097 by
1233 4039 1290 4085 uni-

341 4104 423 4163 12303
440 4103 543 4165 Rymer,
553 4103 572 4152 i.
583 4115 610 4162 p.
623 4106 680 4154 198.
824 4106 907 4154 versu]
924 4110 1046 4166 cousent;
1067 4105 1144 4156 Olose
1160 4107 1242 4172 Rolls,
1258 4112 1288 4157 lo

825 4175 893 4226 Heu.
901 4175 969 4237 111.;
990 4175 1076 4239 Corte,
1088 4192 1114 4238 p.
1123 4179 1165 4227 4⁰.
