2864 4866
391 387 456 451 290
639 405 771 452 nocant
797 405 843 452 nn
867 404 1078 452 wunnovnn

232 587 287 629 no.
297 588 354 626 1234,
394 584 435 629 co
458 566 696 648 compulerunt
721 567 757 629 in
781 565 911 648 sugam,
935 573 970 629 et
993 565 1164 646 fugientes
1189 565 1337 628 insecuti

394 664 602 728 interficiunt
624 671 724 745 terga
747 671 931 740 vertentes
956 665 1007 727 ita
1029 664 1133 745 quod,
1157 665 1337 728 innumera

396 783 440 826 ex
464 764 513 826 eis
537 762 756 827 multitudine
784 769 962 845 perempta
981 771 1052 826 tam
1079 763 1339 827 Pictaveusium

399 864 519 944 [quam
546 861 720 942 aliorum],
746 862 822 944 ipse
852 861 1030 925 Jobannes
1053 862 1114 925 vix
1139 861 1340 943 perfugam

397 963 530 1039 evasit3
557 969 592 1024 et
607 961 829 1042 progrediens
851 980 928 1023 cum
952 961 1024 1023 suis
1043 960 1237 1042 legionibus
1261 961 1343 1024 Ma-

332 1045 336 1052 ’
398 1060 561 1124 rescallus
592 1061 693 1123 villas
723 1059 799 1142 ejus
828 1066 863 1123 et
887 1059 1044 1137 aedificia,
1074 1080 1153 1123 cum
1181 1061 1341 1124 omnibus

398 1180 476 1241 quae
506 1160 615 1241 ipsius
645 1167 755 1235 erant,
781 1158 871 1224 ferro
899 1159 1096 1224 devastavit
1127 1167 1163 1222 et
1190 1159 1343 1236 flamma,

398 1268 504 1341 atque
524 1278 570 1322 ex
592 1259 699 1323 divite
719 1259 801 1322 fecit
819 1278 1005 1341 pauperem
1027 1266 1063 1321 et
1081 1258 1287 1334 mendicum,
1310 1267 1346 1323 et

398 1359 448 1421 sio
466 1378 543 1422 cum
560 1358 679 1439 spoliis
695 1358 981 1440 impretiabilibus
997 1366 1032 1423 et
1048 1359 1213 1421 armentis
1230 1359 1267 1421 in
1282 1377 1346 1422 sua

399 1476 475 1520 sese
497 1456 725 1520 Marescallus
745 1458 885 1540 recepit.

418 1628 508 1703 Quod
520 1627 638 1692 oculati
654 1627 828 1693 seditionem
842 1638 1000 1694 mouerunt
1013 1638 1120 1694 contro
1135 1629 1330 1694 consiliarios

826 1729 916 1813 repis.

240 1875 364 1966 opponam
391 1902 393 1906 .
453 1854 495 1918 In
508 1854 593 1935 ipsis
607 1861 776 1937 praeterea
792 1853 911 1917 diebus
924 1851 1103 1916 Natalitiis
1119 1852 1245 1916 bellum
1263 1873 1345 1916 con-

240 1927 365 2016 iniibii‘is
401 1961 457 2017 tra
480 1973 593 2035 regem
617 1962 652 2017 et
672 1973 754 2016 suos
777 1952 990 2017 consiliarios
1013 1953 1165 2033 graviter
1188 1953 1345 2016 accendi-

243 2026 389 2125 }‘iiiinmena
403 2060 471 2130 tur,
497 2072 577 2116 nam
600 2052 797 2128 Richardus
822 2052 959 2128 Siuard‚
976 2051 1169 2134 conjunctis
1195 2052 1261 2114 sibi
1278 2071 1345 2115 cae·

404 2153 487 2216 teris
511 2152 673 2227 exulatis,
692 2146 818 2215 ¹terras
836 2149 1002 2214 Richardi
1019 2149 1154 2213 comitis
1177 2156 1213 2213 et
1229 2151 1346 2214 fratris

404 2252 508 2333 regis,
531 2271 598 2315 non
621 2250 724 2332 longe
746 2270 767 2313 a
785 2250 948 2314 Brehulle
969 2249 1067 2326 sitas,
1091 2268 1167 2312 cum
1191 2249 1346 2313 aedificiis

404 2356 440 2413 et
456 2350 613 2430 frugibus
630 2369 671 2412 ac
688 2350 797 2413 bobus
815 2349 850 2411 in
865 2348 1012 2412 stabulis
1029 2349 1213 2425 stantibus,
1229 2349 1346 2412 incen-

403 2448 461 2513 dio
483 2456 767 2525 concremarunt3
801 2447 965 2529 Segrave‚
988 2447 1104 2510 natale
1134 2448 1245 2511 solum
1272 2447 1347 2512 Ste-

403 2546 521 2629 phani,
545 2546 682 2629 Angliae
704 2547 902 2629 justiciarii,
924 2566 986 2628 per
1002 2546 1093 2610 idem
1109 2552 1245 2630 tempus
1268 2565 1345 2610 cum

404 2645 560 2709 domibus
582 2645 681 2709 valde
707 2647 930 2729 sumptuosis
953 2654 988 2709 et
1010 2646 1119 2708 bobus
1146 2652 1252 2727 atque
1277 2645 1348 2708 fru-

404 2746 517 2825 gibus
534 2747 807 2821 combusserunt,
823 2764 930 2827 equos
947 2745 1115 2826 pretiosos
1135 2745 1251 2826 plures
1269 2765 1347 2808 cum

404 2843 523 2924 spoliis
553 2851 588 2907 et
609 2845 712 2907 rebus
741 2843 818 2907 aliis
854 2843 934 2906 inde
967 2843 1164 2907 recedentes
1195 2844 1346 2907 abduxe-

404 2948 508 3019 runt;
548 2942 667 3007 villam
698 2961 835 3025 quoque
868 2941 1042 3024 quandam
1071 2943 1224 3024 episcopi
1246 2943 1347 3015 Win-

404 3041 583 3117 toniensis,
600 3060 671 3103 non
696 3041 800 3122 longe
823 3042 866 3105 ab
889 3042 1008 3104 eadem
1026 3040 1109 3104 villa
1126 3041 1244 3132 sitam,
1266 3043 1347 3122 igne

403 3147 690 3220 consumpserunt
716 3147 751 3204 et
768 3140 880 3221 spolia
900 3140 1127 3221 diripuerunt,
1144 3159 1222 3203 cum
1245 3147 1347 3204 caete·

403 3239 451 3300 ris
465 3239 567 3301 rebus
581 3239 741 3303 inventis.
788 3238 894 3302 Hanc
911 3245 1027 3302 autem
1043 3238 1251 3303 laudabilem
1267 3259 1350 3303 con-

403 3336 595 3400 stituebant
611 3338 765 3418 regulam
782 3337 977 3419 generalem
999 3338 1089 3400 inter
1110 3357 1148 3400 se
1165 3338 1349 3402 bellatores

401 3435 472 3512 isti,
502 3434 594 3518 quod
628 3437 755 3499 nemini
786 3438 971 3519 quicquam
1002 3436 1085 3499 mali
1114 3437 1269 3501 fecerunt
1293 3439 1349 3502 vel

402 3533 553 3616 aliquem
584 3534 761 3612 laeserunt,
789 3544 917 3617 praeter
943 3535 1082 3616 iniquos
1112 3537 1204 3616 regis
1236 3538 1350 3601 consi·

438 3730 445 3760 ¹
459 3733 547 3780 Taras
559 3731 702 3796 natarat]
726 3733 861 3781 ‘Maueria
888 3733 984 3782 satione
997 3747 1045 3780 sua
1061 3734 1215 3795 asserebant,
1225 3734 1282 3784 haec
1299 3752 1351 3788 me·

402 3805 427 3849 et
438 3801 523 3849 averia
540 3801 643 3849 Ricardi
655 3801 753 3850 comitis
765 3801 861 3850 Cornu·
886 3803 935 3850 rito
946 3817 974 3851 se
983 3801 1083 3862 fecisse,
1092 3803 1152 3864 quia
1160 3817 1206 3865 per
1214 3806 1350 3865 praedicto-

401 3870 451 3918 biae
471 3875 496 3918 et
512 3870 625 3932 episcopi
640 3871 819 3919 wintoniensis
836 3876 861 3920 et
886 3887 943 3920 rum
970 3872 1077 3920 consilia
1100 3887 1187 3920 eorum
1209 3876 1351 3926 tenemento

402 3939 434 3987 P.
443 3939 475 3987 de
487 3939 610 4002 Orivalle,
621 3944 647 3988 et
660 3940 686 3989 S.
698 3940 730 3988 de
741 3940 861 4002 Segrave,
886 3942 957 4002 prius
974 3941 1069 3990 inerint
1084 3942 1209 4003 dissipata
1218 3939 1238 4004 3’
1255 3945 1351 3999 Chrou.

401 4012 426 4056 et
433 4008 464 4057 R.
473 4009 628 4071 Passelewe‚
634 4012 660 4058 et
668 4009 775 4058 aliorum
784 4025 861 4058 aernu·
886 4011 981 4060 Dunst.
993 4027 1019 4073 p.
1031 4015 1089 4060 22⁰.

400 4077 481 4126 lorum
501 4093 624 4139 suorum
649 4080 694 4139 qui
716 4093 762 4140 pro
784 4094 861 4128 excu-
