2864 4866
188 578 243 617 An).
254 578 310 618 1284.

199 2862 244 2901 Pell
252 2861 275 2899 oi
282 2861 318 2900 the

198 2912 271 2960 blshop
279 2912 303 2950 of

199 2961 336 3001 winchester.

349 391 414 455 298
601 406 733 454 uocum
758 407 805 481 pu
830 406 1036 454 wuvnovne

350 582 496 644 nemque
526 572 635 627 totam
665 564 891 640 illustrantes,
921 582 997 627 cum
1028 583 1131 626 manu
1162 571 1298 627 armata

350 681 419 724 non
455 661 590 726 modica
620 661 798 726 festinavit
825 664 861 725 in
893 663 1061 727 auxilium
1092 683 1205 726 rerum
1236 681 1295 723 su-

350 780 470 839 arum3
497 762 569 838 sed,
592 781 671 824 cum
694 781 715 824 a
738 761 964 825 referentibus
988 763 1210 842 cognovisset
1230 759 1294 823 Ri-

349 859 514 922 obardum
532 860 655 923 Siuard
675 860 778 943 hujus
793 860 967 924 violentiae
983 860 1089 925 luisse
1106 867 1296 936 auctorem,

350 959 449 1040 quasi
473 959 551 1022 telis
573 960 794 1023 obviantibus
813 959 922 1022 fraena
943 960 1083 1030 retorsit
1099 967 1135 1023 et
1151 959 1294 1022 calcari-

350 1059 415 1121 bus
433 1078 502 1121 non
519 1077 662 1139 parcens
680 1058 722 1122 ad
741 1078 855 1139 regem
872 1076 949 1121 cum
967 1077 1102 1121 summa
1117 1058 1296 1123 celeritate

351 1157 488 1239 refugit,
513 1156 603 1220 uude
631 1159 743 1239 ipsum
766 1177 881 1238 regem
905 1165 940 1221 et
957 1157 1043 1220 alios
1065 1158 1125 1239 qui
1148 1156 1294 1221 aderant

351 1257 395 1319 ad
426 1258 532 1320 risum
557 1259 754 1323 commovit.
820 1257 889 1320 Per
915 1257 1005 1322 idem
1030 1256 1134 1320 ctiam
1157 1262 1294 1338 tempus

350 1358 424 1439 ipse
454 1356 649 1420 Richardus
680 1365 715 1421 et
741 1357 825 1421 socii
858 1357 942 1439 ejus,
969 1357 1135 1437 quosdam
1166 1356 1294 1419 milites

351 1456 529 1519 infinibus
553 1456 692 1519 Welliae
718 1457 783 1520 sibi
807 1456 1031 1520 adversantes
1052 1456 1159 1538 juxta
1182 1456 1294 1536 legem

351 1575 485 1636 guerrae
518 1563 682 1637 ceperunt
715 1564 750 1619 et
777 1555 821 1618 ed
851 1575 993 1636 gravem
1025 1555 1293 1636 redemptionem

352 1654 598 1735 compulerunt.

413 1753 541 1816 Eodem
573 1773 664 1817 anno
694 1753 730 1816 iu
763 1753 908 1816 ecclesia
932 1753 1064 1817 Christi
1094 1752 1293 1816 Cantuariae

352 1860 572 1916 consecratus
606 1860 660 1916 est
690 1852 923 1930 Eadmundus‚
957 1853 1110 1936 ejusdem
1142 1852 1297 1915 ecclesiae

352 1952 492 2028 electus,
515 1971 537 2014 a
561 1951 712 2032 Rogero,
739 1952 950 2017 Londinensi
977 1952 1151 2033 episcopo,
1174 1951 1208 2012 in
1238 1969 1295 2012 ar-

351 2050 905 2132 chiepiscopumCantuariensem
921 2051 1116 2124 Dominioa‚
1129 2068 1199 2132 qua
1213 2068 1295 2112 ean·

351 2157 447 2213 tatur
464 2151 623 2213 ‘Laetare
642 2150 885 2227 Hierusalem‚'
902 2170 980 2232 quae
995 2157 1078 2214 tunc
1091 2149 1157 2212 fuit
1170 2155 1295 2230 quarto

353 2269 461 2312 nonas
478 2247 620 2331 Aprilis
643 2258 814 2331 praesente
837 2270 918 2331 rege
942 2270 1019 2314 cum
1039 2249 1202 2313 tredecim
1223 2250 1295 2330 epi·

353 2350 489 2430 scopis3
518 2358 552 2412 et
568 2348 687 2413 eodem
705 2349 761 2412 die
780 2348 921 2413 missam
938 2343 1033 2413 ¹eum
1050 2349 1156 2432 pallio
1175 2349 1298 2413 solem-

353 2448 442 2511 niter
457 2448 655 2512 celebravit.

417 2617 509 2691 Quod
523 2639 577 2681 ree
591 2619 765 2705 deplorem
780 2622 951 2706 maimonem
968 2621 1202 2685 Wietoeieusem
1215 2630 1244 2685 ct

513 2718 709 2784 Pietoeeuses
724 2742 746 2784 o
759 2742 812 2785 suo
828 2721 953 2786 concilio
970 2721 1137 2785 renovate.

420 2841 522 2905 Circa
551 2843 688 2907 eosdem
719 2844 792 2907 dics
823 2844 970 2926 denique
999 2837 1300 2908 convenerunt'ad

356 2941 564 3024 colloquium
587 2943 770 3007 Dominica
788 2944 898 3025 prima
911 2944 946 3006 in
963 2943 1124 3025 passione
1146 2942 1301 3019 Domini,

356 3059 434 3120 quoe
456 3048 540 3104 tunc
567 3041 632 3121 suit
651 3043 773 3124 quinto
796 3043 873 3106 idus
892 3040 1037 3124 Aprilis,
1066 3040 1158 3122 apud
1180 3041 1300 3105 West-

357 3141 616 3218 monasterium,
643 3162 704 3204 rex
727 3162 805 3205 curn
829 3142 1012 3205 comitibus
1046 3148 1082 3204 et
1102 3141 1303 3218 baronibuS,

358 3246 393 3301 et
420 3239 697 3322 archiepiscopus
730 3261 839 3324 nuper
871 3247 1092 3305 consecratus
1120 3258 1198 3303 cum
1230 3241 1303 3304 suis

358 3337 596 3419 suffraganeis,
618 3348 657 3403 ut
672 3361 779 3422 regno
793 3342 997 3423 perturbato
1021 3339 1205 3403 salubriter
1222 3359 1302 3421 pro·

359 3437 524 3504 viderent.
592 3437 880 3523 Arcbiepiscopus
920 3438 1069 3521 quidem,
1110 3438 1304 3520 conjunctis

359 3536 425 3598 sibi
453 3538 623 3620 episcopis
649 3557 691 3601 ac
719 3541 852 3603 caeteris
880 3540 940 3621 qui
971 3539 1115 3602 aderant
1139 3539 1306 3619 praelatis,

360 3634 404 3697 ad
426 3654 540 3716 regem
561 3637 701 3700 veniens
725 3639 877 3701 ostendit
894 3639 926 3701 ei
947 3637 1127 3701 consilium
1149 3655 1249 3700 suum
1271 3647 1306 3703 ct

361 3735 599 3815 episcoporum
622 3755 727 3818 super
748 3736 961 3801 desolatione
983 3737 1080 3816 regni
1102 3745 1138 3799 et
1153 3738 1306 3818 periculo

362 3832 565 3910 imminenti,
595 3836 792 3916 replicando
825 3835 1060 3918 suprascripta
1090 3836 1307 3901 incommoda

362 3932 396 3993 in
419 3932 591 4015 colloquio
611 3936 770 4016 superius
791 3935 910 3999 habito
929 3935 995 3998 sibi
1016 3953 1191 4015 expressa.
1238 3936 1309 4000 Dc-

397 4105 483 4156 ¹Cum
504 4109 617 4171 pallia]
655 4109 730 4157 Paris
755 4110 829 4171 adds,
853 4112 936 4159 Simon
961 4111 992 4157 de
1016 4110 1105 4171 Legro,
1122 4113 1178 4172 ejus
1196 4111 1312 4160 eeclesiae

364 4177 372 4203 ‘
385 4178 452 4237 quod
465 4184 539 4227 ceute
551 4179 617 4227 eide
633 4180 703 4227 curia
714 4179 829 4229 Romane
853 4180 999 4241 monachus,
1010 4175 1151 4229 detulerat.¹
