2864 4866
181 587 236 626 An).
247 585 304 624 12³⁰.

187 2384 255 2422 Pence

185 2432 303 2472 concluded

186 2533 239 2580 king
248 2533 272 2571 ot

186 2633 220 2673 his
228 2633 313 2672 baroni.

340 396 406 460 216
568 413 724 461 nocam
747 415 794 462 un
818 414 1024 462 wnnoovna

328 578 447 647 'runt;
484 571 624 636 veniens
655 573 744 635 enim
775 573 924 638 Romam
956 573 1068 647 dictus
1101 572 1289 654 imperator

346 671 524 735 absolutus
544 678 609 749 est,
633 674 790 736 omnibus
812 675 855 737 ad
869 673 952 757 jura
973 671 1106 755 imperii
1127 679 1288 753 spectan-

345 772 438 835 tibus
467 791 512 834 ex
541 772 676 854 integro
705 775 886 837 revocatis.
945 773 1177 856 Comederunt
1205 791 1288 852 ergo

346 870 448 934 simul
475 890 621 953 magnus
652 873 813 935 sacerdos
843 880 878 935 et
900 873 1072 935 maximus
1102 872 1290 954 imperator

346 971 382 1033 in
408 970 539 1052 palatio
568 971 693 1033 summi
720 971 891 1053 pontificis
924 972 1171 1054 pertriduum,
1203 990 1290 1052 gau-

346 1071 506 1133 dentibus
528 1070 759 1134 cardinalibus
783 1077 819 1133 et
833 1072 1068 1152 potentatibus
1091 1071 1224 1153 imperii
1247 1071 1290 1133 de

347 1170 531 1232 concordia
558 1166 630 1232 tam
657 1170 840 1253 desperata
870 1177 999 1234 ettam
1027 1171 1142 1234 subito
1168 1171 1290 1235 confir-

346 1278 450 1332 mata.
503 1267 633 1332 Eadem
650 1276 854 1352 tempestate
871 1289 985 1333 comes
1008 1270 1200 1334 Cestrensis
1218 1271 1292 1334 Ra-

348 1368 498 1451 nulphus
529 1368 677 1433 munivit
702 1368 881 1432 castellum
911 1367 1004 1452 apud
1043 1379 1199 1434 sanctum
1227 1370 1291 1433 Jo-

347 1468 495 1530 hannem
519 1467 561 1530 de
587 1469 778 1545 Beverona‚
802 1469 892 1551 quod
920 1470 964 1532 ad
987 1470 1047 1553 jus
1076 1472 1195 1534 uxoris
1218 1490 1291 1534 suae

348 1568 531 1630 comitissae
543 1567 623 1650 jure
648 1568 865 1632 haereditario
885 1570 1091 1650 pertinebat,
1113 1571 1292 1647 militibus,

348 1666 520 1731 alimentis
559 1676 594 1731 et
620 1669 748 1747 armis3
787 1668 981 1731 reddiderat
1011 1670 1101 1731 enim
1134 1669 1184 1732 illi
1217 1689 1293 1732 cas-

348 1774 439 1830 trum
466 1766 550 1829 illud
577 1787 692 1830 comes
720 1768 911 1832 Britanniae
940 1767 1126 1846 HenricuS‚
1152 1765 1293 1851 quando

348 1866 603 1930 confoederatus
627 1867 700 1948 regi
718 1866 912 1950 Anglorum
937 1869 1053 1931 omnia
1067 1868 1150 1952 jura
1171 1869 1291 1933 suain

349 1986 455 2048 regno
471 1964 622 2048 Angliae,
640 1987 721 2049 rege
737 1968 958 2045 concedente,
976 1969 1115 2051 recepit.

413 2139 462 2203 Dc
476 2139 640 2205 concordio
648 2142 745 2227 facto
766 2141 848 2206 ictor
864 2162 960 2228 copam
976 2141 1175 2205 Francorum
1191 2150 1225 2212 ct,

755 2240 891 2306 bocchos.

400 2365 502 2430 Circa
528 2367 666 2430 eosdem
692 2366 777 2444 dies,
800 2387 917 2431 mense
943 2366 1147 2451 Septembri,
1170 2387 1296 2432 conve-

186 2482 329 2522 aeweenuo
348 2472 473 2529 nerunt
491 2467 534 2529 ad
558 2466 767 2548 colloquium
789 2488 851 2530 rex
876 2468 1088 2530 Francorum
1105 2475 1140 2530 et
1156 2461 1294 2549 lregina

187 2582 318 2621 rranceand
349 2574 459 2629 mater
490 2566 566 2649 ejus
600 2586 677 2628 cum
711 2569 932 2650 magnatibus
968 2567 1061 2631 illius
1094 2568 1203 2649 regni,
1234 2569 1294 2650 qui

348 2673 427 2748 post
442 2673 587 2728 mortem
609 2665 784 2730 Lodowiei
804 2668 895 2750 regis
918 2687 1078 2749 guerram
1104 2667 1297 2731 habuerant

348 2765 392 2828 ad
417 2766 575 2841 invicem,
602 2772 641 2828 ut
657 2774 711 2829 est
732 2768 890 2849 superius
910 2767 1052 2844 dietum,
1068 2767 1127 2830 ubi
1144 2767 1187 2829 de
1209 2787 1295 2849 pace

347 2871 539 2929 tractantes
562 2865 665 2929 talem
689 2867 907 2930 concordiam
929 2861 1178 2946 firmaverunt3
1211 2866 1296 2930 Pro'-

348 2965 462 3028 visum
484 2972 536 3029 est
554 2974 668 3029 autem
692 2965 918 3029 communiter
940 2986 962 3029 a
984 2967 1183 3049 proceribus
1206 2985 1296 3049 prae-

348 3064 441 3141 fatis,
469 3071 509 3128 ut
530 3085 644 3129 comes
669 3063 942 3148 campaniensis
960 3067 1018 3149 qui
1040 3066 1143 3149 hujus
1168 3067 1294 3131 discor·-

348 3164 415 3228 diae
435 3184 541 3228 causa
564 3165 763 3247 principalis
785 3164 980 3245 exstiterat,
1006 3185 1107 3230 cruce
1137 3165 1296 3248 signatus

349 3264 661 3347 peregrinationem
690 3272 791 3328 terrae
822 3273 952 3330 sanctae
979 3266 1109 3329 subiret
1132 3266 1176 3329 ad
1205 3260 1295 3330 mili-

348 3364 491 3428 tandum
528 3364 653 3427 ibidem
692 3384 770 3428 cum
804 3372 941 3429 centurn
976 3366 1141 3429 militibus
1175 3373 1297 3430 contra

349 3464 505 3527 inimicos
534 3463 725 3544 Crucifixi3
756 3471 791 3527 et
805 3473 973 3546 praeterea
995 3485 1057 3527 rex
1082 3465 1295 3528 Francorum

350 3569 385 3626 et
401 3571 512 3626 mater
534 3563 621 3647 ejus,
641 3565 742 3628 tactis
765 3566 995 3628 sacrosanctis
1017 3565 1216 3646 evangeliis,
1236 3565 1296 3648 ju·

349 3669 525 3738 taverunt,
550 3663 642 3745 quod
669 3665 814 3746 singulis
842 3665 1023 3729 redderent
1042 3664 1126 3747 jura
1145 3657 1230 3741 sua,
1261 3672 1297 3728 et

385 3867 504 3932 ¹Regiao
531 3875 608 3920 muter
629 3866 716 3940 eiua]
757 3873 811 3923 The
835 3873 1012 3935 incompatible
1028 3873 1091 3922 with
1107 3873 1150 3922 the
1169 3873 1298 3922 disorders

350 3941 447 3989 Freneh
480 3941 614 3990 historiens
646 3942 738 3991 defend
767 3943 810 3992 the
835 3943 864 3992 of
877 3943 961 3991 which
978 3943 1023 3992 she
1041 3943 1087 3992 has
1104 3945 1168 3992 beeri
1187 3945 1297 3993 aceused

350 4011 539 4071 queen-mother
546 4012 646 4072 against
655 4011 697 4060 the
704 4013 810 4074 charges
836 4015 869 4074 by
880 4028 927 4061 our
939 4014 1078 4076 historian3
1096 4028 1138 4064 see
1153 4014 1241 4076 above,
1252 4029 1298 4076 pp.
1312 4017 1314 4020 ’

349 4080 378 4128 of
388 4080 537 4141 Wendover,
548 4095 577 4129 as
594 4082 669 4142 being
685 4096 701 4129 a
712 4097 810 4130 women
836 4087 893 4146 135,
903 4099 967 4146 seqq.

349 4150 377 4198 ol
386 4151 449 4199 such
461 4150 544 4200 habits
556 4165 585 4200 as
593 4165 661 4200 were
672 4146 813 4213 altogether
