2864 4866
351 388 415 456 102
609 406 743 453 nocam
767 405 814 452 un
837 402 1045 452 wunnovnn

190 582 313 623 ala-122⁵.
353 571 407 629 ter
433 564 550 627 omnia
583 562 807 647 subjugavit;
843 582 923 626 nam
956 561 1120 626 Riolense
1150 567 1303 623 castrum

354 684 432 729 cum
458 664 542 728 villa
564 663 671 745 longa
696 662 873 728 obsidione
900 663 1003 745 cepit,
1025 656 1162 726 ¹villam
1190 660 1304 724 sancti

355 764 520 828 Marcarii
543 784 621 828 cum
643 765 829 846 municipio
853 763 1013 840 obtinuit,
1032 762 1208 843 Bregerac
1232 780 1305 824 cas·

356 872 447 929 trum
469 864 603 930 obsedit
624 873 660 929 et
679 865 854 929 dominum
876 863 952 947 ejus
978 864 1023 927 ad
1045 862 1137 944 regis
1159 862 1306 926 fidelita-

356 972 426 1029 tem
457 966 647 1030 revocavit.
711 964 790 1041 Sed,
819 963 901 1027 dum
930 963 967 1026 in
995 964 1101 1046 longa
1127 963 1306 1027 obsidione

356 1065 449 1148 apud
483 1065 648 1131 Riolense
687 1072 838 1130 castrum
873 1065 1056 1128 acerrimos
1087 1064 1237 1128 insultus
1269 1070 1306 1127 et

338 1203 339 1206 =
357 1161 502 1231 crebros
516 1172 646 1248 ageret,
665 1164 883 1242 Lodowicus,
900 1184 963 1228 rex
982 1164 1207 1241 Francorum,
1225 1162 1306 1226 Hu-

357 1267 440 1348 goni
462 1267 580 1331 comiti
604 1265 785 1338 Marchiae,
802 1265 947 1347 aliisque
971 1263 1140 1330 Pictaviae
1166 1264 1305 1328 baroni·

357 1367 423 1430 bus
451 1366 546 1431 dedit
572 1367 608 1430 in
642 1366 828 1443 mandatis,
859 1372 1031 1448 quatenus
1065 1365 1110 1428 ad
1153 1371 1305 1428 castrum

357 1466 541 1550 praefatum
562 1467 734 1532 hostiliter
755 1465 957 1531 accedentes
980 1465 1139 1530 comitem
1161 1464 1308 1529 Richar-

358 1567 440 1630 dum
474 1575 615 1650 captum
647 1569 714 1632 sibi
747 1573 998 1650 praesentarent
1030 1572 1066 1630 et
1096 1566 1255 1630 obsessos
1286 1584 1308 1628 a

358 1667 511 1750 periculo
527 1668 726 1732 liberarent.
771 1667 896 1733 Comes
911 1687 992 1733 vero
1012 1666 1192 1744 Marchiae,
1206 1666 1306 1751 junc-

358 1767 404 1831 tis
426 1767 491 1831 sibi
515 1768 720 1851 quibusdam
746 1768 932 1832 baronibus
955 1774 991 1832 et
1008 1766 1174 1830 militibus
1197 1785 1307 1830 arma-

359 1869 417 1944 tis,
448 1888 525 1933 cum
555 1876 725 1952 apparatu
760 1888 828 1933 non
862 1867 996 1933 modico
1030 1867 1074 1931 ad
1106 1866 1308 1950 praedictam

359 1969 571 2033 obsidionem
597 1968 853 2033 dissolvendam
875 1969 1055 2051 processit,
1075 1967 1134 2032 sed
1161 1967 1309 2032 Richar-

359 2068 423 2132 dus
443 2088 556 2133 comes
578 2088 655 2132 cum
684 2069 786 2133 sociis
808 2069 893 2146 suis,
915 2067 957 2132 de
982 2067 1132 2133 adventu
1157 2066 1306 2132 hostium

358 2188 420 2251 per
437 2170 674 2250 exploratores
696 2169 934 2252 praemunitus,
951 2169 1089 2251 paravit
1105 2169 1137 2231 ei
1153 2168 1309 2245 insidias,

359 2277 404 2344 et,
426 2276 524 2351 parte
553 2271 726 2333 exercitus
755 2269 810 2332 sui
838 2269 881 2332 ad
912 2268 1124 2332 obsidionem
1154 2268 1307 2346 dimissa,

360 2368 434 2451 ipse
457 2387 533 2432 cum
558 2377 658 2453 parte
683 2375 894 2432 armatorum
918 2368 1160 2451 probatissima
1182 2368 1225 2432 ad
1249 2389 1308 2432 nc·

360 2488 437 2531 mus
459 2468 644 2551 quoddam,
670 2467 761 2551 quod
789 2488 896 2551 prope
918 2475 1005 2546 erat,
1032 2470 1205 2533 divertens
1228 2468 1309 2533 hos·

361 2574 413 2631 tes
438 2569 615 2633 venientes
642 2569 860 2651 exspectavit
883 2568 1032 2648 ibidem3
1063 2568 1124 2651 qui
1147 2569 1308 2633 dumlo·

361 2687 439 2731 cum
464 2669 666 2733 insidiarum
704 2687 826 2733 versus
849 2668 1069 2733 obsidionem
1103 2669 1308 2751 pertransis-

361 2776 450 2845 sent,
467 2788 581 2833 comes
598 2769 794 2834 Richardus
811 2775 847 2833 et
864 2770 948 2833 socii
966 2768 1042 2853 ejus
1060 2788 1136 2832 curn
1161 2771 1307 2852 strepitu

360 2869 583 2933 buccinarum
608 2878 643 2934 et
665 2869 855 2934 vibramine
880 2870 1057 2933 hastarum
1077 2869 1250 2934 irruerunt
1271 2871 1308 2934 in

360 2969 467 3051 ipsoS,
499 2978 545 3047 et,
570 2971 742 3034 dirissimo
770 2969 932 3034 conflictu
963 2971 1052 3034 inter
1081 2977 1197 3052 partes
1226 2990 1308 3034 con-

360 3067 462 3147 fecto,
484 3071 519 3133 in
544 3069 662 3151 fugam
693 3070 910 3134 adversarios
941 3069 1194 3153 compulerunt,
1222 3090 1310 3153 quos

360 3188 475 3233 comes
505 3170 699 3235 Richardus
723 3171 884 3234 ardenter
908 3172 1084 3234 insecutus
1107 3171 1206 3252 bigas
1229 3170 1310 3235 hos·

360 3269 446 3333 tium
474 3277 509 3335 et
529 3270 732 3335 summarios
755 3290 832 3334 cum
860 3271 980 3353 spoliis
1007 3278 1042 3335 et
1063 3271 1156 3335 vasis
1185 3290 1309 3351 argen-

360 3370 426 3432 teis
460 3370 609 3451 subegit,
640 3371 758 3434 multis
786 3391 831 3434 ex
861 3370 1073 3452 fugientibus
1107 3371 1308 3449 intersectis,

359 3475 395 3532 et
412 3471 461 3533 sic
476 3469 512 3532 in
528 3471 624 3534 brevi
642 3478 751 3536 totam
770 3471 836 3534 sibi
854 3470 1077 3536 Wasconiam
1094 3470 1307 3555 subjugavit.

359 3567 491 3632 Eodem
511 3589 602 3633 anno
622 3569 645 3633 J
649 3570 813 3647 ohannes,
838 3571 985 3635 Eliensis
1005 3572 1199 3653 episcopuS,
1217 3572 1308 3636 diem

358 3667 483 3731 clausit
507 3675 725 3747 extremum;
762 3671 818 3734 cui
849 3672 1017 3735 successit
1045 3670 1235 3735 Gaufridus
1265 3673 1308 3738 de

359 3766 490 3850 Burgo,
507 3769 770 3835 archidiaconus
790 3771 1034 3836 Norvvicensis.

395 3943 508 3999 ¹Villam
527 3948 605 3998 coacti
624 3949 769 4013 Mercurii]
793 3950 820 4000 S.
847 3949 876 3998 of
889 3949 929 3999 his
946 3963 1086 4010 successes,
1096 3950 1172 3999 dated
1183 3949 1247 3999 from
1258 3952 1309 4001 this

357 4016 480 4069 Macaire.
509 4018 620 4069 Aletter
631 4019 694 4070 from
707 4020 819 4071 Richard
846 4025 915 4069 town
934 4035 966 4068 on
978 4020 1020 4069 the
1038 4021 1089 4070 and
1106 4020 1136 4070 os
1151 4021 1225 4084 May,
1240 4022 1264 4072 is
1280 4022 1306 4072 in

355 4091 380 4136 to
392 4087 431 4137 his¹
442 4088 552 4152 brother,
564 4090 651 4152 giving
667 4106 699 4140 an
714 4094 821 4141 account
847 4091 948 4154 Rymer‚
956 4090 975 4142 i.
986 4105 1013 4152 p.
1026 4094 1082 4142 1⁷8.
