2864 4866
182 573 238 613 ΔΑ).
249 575 304 612 1²29.

181 623 227 662 The
235 634 306 674 empe-

180 671 231 712 ror’s
243 673 306 714 letter

180 727 202 761 to
211 723 292 773 Henry.

343 390 408 454 190
592 409 725 457 uocum
750 409 797 455 un
821 408 1028 456 wnxnovna

343 582 479 645 cunque
500 565 660 646 grandes,
681 584 744 628 nec
763 585 825 647 per
844 572 973 629 metum
995 564 1157 646 aliquem,
1176 563 1289 627 facere

342 662 519 746 hucusque
546 665 647 728 modo
672 664 825 746 quolibet
851 671 1048 746 potnerunt.
1102 663 1137 726 N
1140 683 1158 727 e
1181 664 1289 744 igitur

342 762 547 826 desiderium
570 771 722 828 vestrum
748 764 872 845 longus
897 783 1009 827 sermo
1034 763 1093 825 diu
1115 770 1232 827 teneat
1251 763 1287 825 in

341 881 522 944 suspenso,
541 857 734 928 ¹sanctitati
745 871 870 928 vestrae
888 864 1044 945 cupimus
1061 882 1137 927 esse
1154 870 1288 938 notum,

341 962 435 1043 quod
448 983 511 1027 nos
528 963 694 1027 habentes
710 983 806 1045 spem
823 970 976 1026 nostram
990 963 1027 1026 in
1041 963 1119 1026 Deo
1130 962 1285 1038 firmiter,

341 1066 377 1124 et
393 1062 571 1127 credentes
586 1063 679 1146 quod
693 1062 799 1127 lesus
817 1060 976 1125 Christus
994 1063 1105 1126 Filius
1122 1062 1209 1145 ejus,
1223 1081 1287 1143 pro

341 1160 441 1244 cujus
465 1162 606 1226 servitio
628 1181 754 1244 corpus
777 1169 813 1226 et
834 1163 967 1225 animas
987 1161 1211 1244 exposuimus
1235 1161 1285 1224 sic

341 1258 474 1338 devote,
503 1281 566 1326 nos
598 1263 635 1325 in
658 1270 729 1326 tam
754 1262 883 1343 ignotis
908 1268 943 1325 et
968 1262 1109 1326 remotis
1136 1260 1286 1342 regioni-

339 1360 404 1423 bus
429 1381 498 1425 non
519 1362 739 1445 relinqueret,
762 1362 846 1444 quin
868 1361 990 1426 saltem
1013 1380 1077 1443 pro
1100 1361 1229 1424 honore
1252 1366 1288 1423 et

340 1458 453 1539 gloria
472 1468 507 1525 et
524 1462 627 1526 laude
650 1482 715 1526 sua
735 1459 915 1524 consilinm
942 1467 978 1524 et
995 1460 1164 1524 auxilium
1186 1460 1285 1523 nobis

341 1559 507 1624 tribueret
530 1561 710 1640 salutare;
741 1561 777 1624 in
803 1560 912 1643 ipsius
937 1567 1053 1623 autem
1080 1560 1217 1624 nomine
1240 1560 1285 1622 ab

294 1660 296 1664 '
340 1656 464 1723 Achon
480 1658 705 1742 procedentes
720 1659 926 1724 fiducialiter
938 1660 1060 1742 quinto
1077 1659 1210 1722 decimo
1227 1658 1283 1723 die

339 1760 466 1822 mensis
500 1758 709 1824 Novembris
739 1760 898 1842 proximo
928 1759 1094 1841 praeteriti
1119 1778 1285 1840 prospere

340 1858 496 1921 venimus
524 1860 616 1942 apud
641 1859 792 1941 Joppen,
822 1866 872 1934 ut,
895 1865 1009 1922 castro
1035 1858 1101 1922 loci
1129 1858 1284 1941 ejusdem

340 1957 549 2022 reaedificato
574 1959 710 2024 fortiter
740 1952 796 2022 ²ut
823 1958 978 2034 decebat,
1000 1958 1037 2020 in
1065 1957 1287 2021 Hierusalem

340 2065 497 2120 sanctam
517 2058 693 2122 civitatem
718 2057 821 2121 eundi
842 2057 1074 2140 postmodum,
1089 2065 1161 2121 tam
1185 2059 1285 2121 nobis

340 2174 442 2237 quam
467 2156 560 2220 omni
585 2157 713 2239 populo
737 2157 948 2235 Christiano,
974 2177 1045 2221 non
1068 2156 1180 2238 solum
1201 2157 1286 2221 faci-

340 2255 417 2333 lior,
439 2258 543 2321 immo
565 2258 701 2321 brevior
725 2264 760 2321 et
774 2257 938 2332 securior,
960 2264 1095 2339 pateret
1111 2275 1285 2321 accessus

341 2353 456 2436 Igitur
478 2358 543 2420 sub
559 2357 685 2421 fiducia
710 2357 837 2421 divinae
862 2358 936 2439 spei
959 2357 1058 2420 nobis
1082 2356 1175 2438 apud
1197 2356 1220 2421 J
1224 2377 1286 2443 op3

340 2473 408 2540 pen
428 2448 668 2535 existentibus,
694 2465 729 2522 et
749 2477 853 2539 super
878 2456 1144 2521 reaedificatione
1166 2458 1285 2534 castri,

340 2562 444 2639 prout
470 2557 632 2638 exigebat
655 2558 704 2621 rei
734 2557 921 2621 necessitas
949 2563 984 2620 et
1007 2575 1113 2620 causa
1142 2556 1284 2634 Christi,

339 2653 596 2719 intendentibus
609 2657 803 2738 magnifice,
820 2663 860 2720 ut
873 2657 1029 2733 decebat,
1051 2656 1132 2719 dum
1148 2676 1169 2720 a
1186 2658 1285 2721 nobis

339 2761 375 2818 et
401 2755 591 2837 peregrinis
621 2757 778 2820 omnibus
814 2757 959 2820 sollicite
992 2763 1178 2836 agerentur
1210 2755 1285 2820 haec

340 2856 468 2931 omnia,
488 2855 531 2918 de
548 2854 698 2920 Soldano
721 2856 923 2940 Babyloniae
938 2854 982 2918 ad
1005 2875 1081 2933 nos,
1096 2862 1131 2919 et
1148 2874 1170 2918 a
1186 2855 1284 2919 nobis

339 2953 383 3016 ad
410 2953 599 3019 Soldannm
627 2956 786 3032 eundem,
814 2956 926 3019 nuntii
953 2956 1070 3037 plures
1096 2962 1130 3018 et
1153 2955 1282 3038 pluries

338 3062 510 3118 venerunt
530 3062 565 3119 et
586 3056 758 3120 redierunt
777 3055 857 3119 hinc
878 3054 979 3133 inde3
1011 3056 1085 3138 ipse
1106 3056 1232 3119 etenim
1249 3062 1284 3118 et

339 3153 428 3217 alius
449 3154 633 3232 Soldanus,
652 3156 711 3238 qui
731 3155 881 3238 Xaphat
902 3154 1040 3233 dicitnr,
1066 3154 1173 3220 frater
1195 3154 1283 3238 ojus,

338 3254 430 3335 apud
464 3255 640 3319 civitatem
669 3254 801 3319 Gazam
835 3254 997 3318 diffusum
1027 3254 1193 3318 habentes
1223 3274 1283 3317 ex·

338 3353 481 3417 ercitum
511 3353 606 3418 dieta
636 3374 707 3418 una
735 3354 911 3418 distabant
937 3372 958 3416 a
987 3353 1106 3430 nobis;
1140 3373 1185 3417 ex
1214 3353 1284 3417 alia

337 3471 420 3517 vero
455 3461 555 3535 parte
587 3455 623 3516 in
657 3453 799 3518 civitate
831 3452 968 3529 Sichen,
998 3472 1076 3534 quae
1114 3451 1283 3535 Neapolis

337 3550 444 3633 vulgo
474 3551 673 3617 nominatur
701 3554 794 3618 etin
821 3553 1071 3634 campestribus
1105 3552 1190 3616 locis
1212 3554 1282 3617 sita

337 3656 403 3725 est,
434 3651 606 3715 Soldanus
634 3653 810 3728 Damasci,
837 3672 944 3734 nepos
972 3672 1102 3730 eorum,
1125 3672 1203 3716 cum
1229 3652 1283 3716 in·

336 3767 478 3823 numera
504 3751 725 3816 multitudine
755 3751 902 3816 militum
928 3759 964 3816 et
983 3753 1139 3835 peditum
1168 3754 1282 3835 gentis

373 3954 381 3986 ¹
393 3959 557 4022 demutati]
582 3960 636 4009 ibe
658 3961 752 4010 reviset
768 3958 798 4008 oi
819 3961 901 4021 Wuts,
911 3959 919 3987 ‘
928 3959 1079 4010 sinceritati’
1091 3960 1142 4009 bad
1151 3961 1215 4010 been
1223 3963 1284 4012 sub-

334 4042 382 4076 our
396 4030 551 4090 manuscript
560 4029 607 4078 has
622 4030 728 4079 marked
744 4030 794 4079 this
819 4029 933 4080 stituted.

334 4098 405 4146 word
416 4097 455 4146 ior
465 4099 609 4148 correction.
645 4101 676 4149 In
685 4100 727 4149 the
736 4101 795 4150 Cot·
854 4096 865 4130 ²
879 4100 914 4149 Ut
930 4099 1049 4165 decebat]
1066 4100 1123 4149 ‘Ut
1138 4097 1283 4151 dicebatur'

333 4171 376 4215 ton
399 4167 456 4219 MS.
476 4169 506 4217 of
525 4169 610 4232 Puris,
629 4170 738 4220 collated
759 4171 794 4232 by
819 4170 845 4218 in
859 4171 891 4220 C.
