2864 4866
332 393 354 456 2
583 411 717 458 socam
743 411 789 457 ns
812 409 1019 458 wannovsa

173 581 230 622 sv-
240 581 297 620 ¹²1⁶·
336 566 465 630 tionem
502 566 717 643 necessariis
750 567 887 648 legatus
921 564 1155 648 supradictus
1188 582 1285 627 asso-

336 665 436 730 ciatis
475 665 540 729 sibi
579 666 750 748 episcopis
789 674 824 730 et
852 666 1035 737 comitibus
1074 665 1286 740 memoratis,

337 765 512 830 duxerunt
535 765 578 828 ad
607 765 786 829 ecclesiam
809 764 1071 830 conventualem
1095 784 1173 828 cum
1206 783 1286 845 pro·

338 866 493 930 cessione
530 866 675 929 solemni
707 885 822 947 regem
855 864 1102 939 coronandum,
1126 864 1185 926 ubi
1205 871 1286 927 ante

338 965 452 1048 majus
484 965 595 1029 altare
632 965 842 1029 constitutus
871 965 1005 1048 juravit
1041 982 1156 1027 coram
1193 962 1285 1026 clero

338 1073 374 1128 et
395 1064 536 1146 populo,
562 1065 731 1147 appositis
752 1065 817 1128 sibi
843 1063 1073 1128 sacrosanctis
1096 1062 1287 1143 evangeliis

339 1170 374 1227 et
403 1162 630 1245 plurimorum
667 1158 882 1229 ¹sanctorum
910 1163 1077 1247 reliquiis,
1109 1163 1199 1244 quod
1226 1160 1288 1227 ho·

339 1282 469 1340 norem,
491 1283 612 1347 pacem
636 1284 677 1328 ac
707 1264 936 1328 reverentiam
968 1262 1122 1346 portabit
1148 1263 1224 1326 Deo
1252 1270 1288 1325 et

339 1370 469 1427 sanctae
500 1364 654 1428 ecclesiae
680 1372 715 1428 et
737 1363 812 1447 ejus
835 1364 1002 1428 ordinatis
1025 1363 1183 1427 omnibus
1215 1362 1287 1425 die-

339 1465 404 1528 bus
433 1463 516 1527 vitae
544 1483 640 1545 suae3
666 1464 802 1547 juravit
824 1465 941 1540 etiam,
972 1462 1063 1547 quod
1091 1463 1126 1525 in
1157 1462 1286 1544 populo

339 1563 404 1626 sibi
437 1564 621 1629 commisso
651 1571 780 1628 rectam
805 1564 980 1647 justitiam
1006 1563 1150 1639 tenebit,
1179 1561 1287 1643 quod-

339 1682 407 1746 que
439 1663 534 1745 leges
567 1665 677 1728 malas
707 1672 742 1728 et
773 1664 910 1746 iniquas
943 1662 1221 1738 consuetudines
1256 1661 1286 1724 si

339 1782 417 1846 quse
445 1763 516 1827 sint
535 1764 571 1826 in
594 1783 713 1845 regno,
737 1764 875 1840 delebit,
900 1771 935 1827 et
955 1764 1065 1827 bonas
1088 1761 1286 1826 observabit

338 1870 374 1926 et
402 1863 446 1926 ab
478 1864 636 1927 omnibus
664 1863 768 1928 faciet
797 1863 985 1928 observari.
1043 1861 1177 1925 Deinde
1204 1861 1287 1925 fecit

338 1960 537 2044 homagium
566 1970 697 2028 sanctae
725 1963 894 2026 Romanae
929 1961 1083 2026 ecclesiae
1117 1970 1151 2026 et
1178 1961 1284 2025 Inno-

338 2063 453 2127 centio
478 2082 580 2145 papae
610 2063 653 2126 de
681 2083 789 2144 regno
810 2060 950 2146 Angliae
976 2071 1011 2126 et
1035 2061 1227 2137 Hiberniae,
1250 2067 1285 2124 et

333 2161 469 2244 juravit
486 2161 577 2244 quod
598 2162 691 2226 mille
714 2181 861 2240 marcas,
883 2182 969 2246 quas
992 2170 1092 2244 pater
1114 2161 1190 2244 ejus
1210 2161 1284 2224 Ro·

339 2280 451 2324 manae
481 2262 676 2326 contulerat
704 2262 870 2340 ecclesiae,
896 2262 1043 2325 fideliter
1072 2261 1285 2344 persolveret

338 2360 504 2443 quamdiu
517 2361 684 2442 praedicta
699 2381 807 2443 regna
823 2369 956 2427 teneret
970 2381 979 2442 3
1002 2367 1049 2437 et,
1067 2359 1121 2424 his
1140 2360 1190 2426 ita
1207 2380 1285 2442 ges·

339 2460 397 2537 tis,
424 2453 583 2538 ²Petrus,
611 2461 862 2526 Wintoniensis
891 2462 1085 2544 episcopuS,
1121 2479 1283 2524 coronam

338 2559 456 2640 posuit
475 2578 580 2642 super
600 2568 706 2643 caput
727 2568 763 2625 et
781 2563 883 2626 unxit
905 2580 982 2625 eum
1005 2562 1041 2624 in
1067 2579 1183 2642 regem
1207 2580 1284 2624 cum

339 2660 552 2724 orationibus
575 2668 610 2724 et
631 2668 795 2725 cantuum
820 2661 1127 2737 modulationibus,
1149 2681 1227 2742 quae
1250 2660 1285 2723 in

339 2759 561 2823 coronatione
584 2780 704 2842 regum
730 2761 845 2825 solent
871 2761 1059 2826 decantari.
1117 2759 1286 2838 Tandem,

339 2857 487 2940 expletis
520 2858 702 2924 missarum
737 2860 926 2938 solemniis,
963 2861 1138 2924 duxerunt
1168 2881 1286 2942 regem

338 2976 416 3021 cum
452 2960 671 3040 processione
709 2961 855 3024 solemni
890 2960 1042 3043 episcopi
1081 2968 1116 3023 et
1143 2961 1287 3025 comites

338 3057 514 3141 saepedicti
550 3059 724 3141 regalibus
759 3060 917 3125 indutum
949 3061 993 3124 ad
1025 3079 1192 3138 mensam,
1226 3061 1286 3124 ubi

337 3176 456 3222 omnes
487 3158 522 3222 in
555 3160 674 3223 ordine
704 3179 769 3225 suo
804 3160 1022 3224 considentes
1054 3161 1286 3243 epulabantur

335 3256 370 3320 in
388 3258 511 3322 laetitia
529 3267 564 3323 et
580 3259 807 3326 exultatione.
860 3260 903 3323 In
921 3260 1071 3323 crastino
1089 3267 1205 3324 autem
1221 3280 1285 3323 rex

336 3358 428 3439 cepit
451 3357 614 3440 homagia
636 3366 672 3423 et
694 3359 878 3424 fidelitates
902 3361 947 3423 ab
970 3360 1129 3422 omnibus
1154 3360 1286 3440 episco-

335 3456 401 3537 pis,
432 3458 614 3521 comitibus
645 3466 680 3522 et
706 3459 906 3534 baronibus,
941 3458 1087 3538 aliisque
1116 3457 1286 3533 omnibuS,

372 3627 535 3682 ¹Soactoram
552 3626 697 3699 reliquiis]
723 3633 798 3682 Paris
823 3632 935 3694 Ireland,
958 3632 1011 3681 still
1033 3632 1168 3693 preserved
1192 3634 1218 3681 in
1240 3635 1283 3683 the

336 3700 559 3762 adds,‘Dictante
569 3703 742 3764 juramentum
753 3702 799 3751 Jo·
824 3702 899 3752 Close
924 3702 1005 3763 Rolls,
1031 3703 1105 3753 Foed.
1128 3703 1146 3752 i.
1173 3718 1200 3764 p.
1227 3709 1284 3754 lto.

337 3771 419 3819 celino
452 3771 617 3821 Bathoniensi
629 3767 655 3832 ;‘
695 3773 721 3821 in
754 3772 798 3821 the
824 3772 943 3834 Stephon,
965 3773 1117 3834 arobbishop
1136 3772 1165 3820 os
1180 3773 1285 3823 Canter-

336 3839 470 3902 Warerley
497 3842 597 3890 Annals
626 3841 658 3890 he
687 3842 710 3892 is
744 3842 798 3891 also
823 3843 897 3904 bury,
907 3857 962 3892 was
973 3842 1032 3892 then
1049 3848 1077 3891 nt
1093 3844 1181 3903 Rome,
1197 3844 1283 3892 onthe

337 3910 434 3973 spoken
445 3910 596 3974 ofasbeing
607 3917 717 3972 present.
823 3913 923 3974 subject
939 3913 968 3961 ot'
986 3913 1027 3962 his
1050 3913 1208 3974 suspension.
1252 3914 1283 3962 In

823 3983 865 4031 the
876 3984 963 4032 letters
969 3984 1026 4044 just
1034 3983 1187 4040 mentioned,
1194 3983 1284 4046 Henry

370 4046 513 4113 ²Petras]
544 4045 654 4112 Henry’s
673 4066 731 4101 own
753 4066 796 4100 ac·
823 4067 891 4116 says,
909 4054 964 4103 that
985 4053 1016 4103 he
1033 4067 1088 4102 was
1110 4054 1227 4102 crowned
1250 4055 1283 4114 by

334 4124 411 4169 count
422 4119 451 4168 ol
459 4120 501 4168 the
519 4122 663 4169 coronation
680 4122 704 4170 is
721 4122 796 4184 given
822 4122 864 4171 the
888 4125 1001 4173 cardinal
1024 4123 1074 4173 and
1097 4121 1202 4183 bishops
1224 4124 1283 4173 then

332 4189 359 4237 in
373 4190 413 4239 his
429 4190 516 4239 letters
532 4194 557 4238 to
569 4190 610 4239 the
622 4192 759 4253 justiciary
770 4191 799 4240 ot
822 4199 931 4254 present.
