2864 4866
416 411 555 460 nunnus
578 412 848 462 ursvonrnuuu.
1050 398 1114 463 171

166 588 354 653 suspensus
381 569 469 650 fuit3
501 568 617 646 tertio,
644 569 737 652 quod
763 576 909 633 steterat
935 569 972 632 in
1000 572 1115 635 causis
1128 590 1252 632 nonna

165 678 286 735 contra
308 677 442 752 patrem
471 688 572 732 suum
594 688 712 750 regem
736 668 759 732 J
762 669 934 734 ohannem
960 677 1116 753 tempore

166 771 351 835 interdicti.
404 769 568 852 Episcopi
591 779 761 851 praeterea
776 769 1037 834 cantuariensis
1060 791 1116 836 ec·

167 872 281 936 clcsiae
306 869 516 952 suffraganei
537 869 648 933 eidem
663 870 775 933 electo
792 869 1005 954 objecerunt,
1024 871 1117 953 quod

169 970 466 1036 sanctimonialem
492 969 665 1052 quandam
690 977 911 1052 oppresserat
932 977 968 1034 et
989 990 1035 1034 ex
1056 971 1118 1034 illa

171 1090 296 1155 pueros
333 1077 561 1153 susceperat3
602 1068 804 1153 adjicientes
836 1071 989 1152 insuper,
1023 1071 1117 1154 quod

170 1172 292 1236 electio
315 1170 564 1252 archicpiscopi
587 1169 662 1233 sine
682 1170 818 1234 illorum
841 1171 1027 1252 praesentia
1049 1191 1118 1235 non

170 1271 335 1336 debuerat
351 1270 528 1335 celebrari.
580 1269 722 1334 Electus
742 1289 826 1334 vero
845 1269 1011 1352 praefatus
1029 1270 1118 1335 elec·

171 1371 256 1436 tioui
283 1371 387 1434 sactae
411 1370 555 1434 firmiter
586 1368 777 1444 adhaerens,
808 1378 889 1452 post
914 1371 1120 1452 appellatio-

170 1491 247 1536 nem
266 1471 517 1554 interpositam,
542 1471 729 1552 assumptis
752 1471 818 1533 sibi
840 1471 1017 1534 monachis
1040 1471 1118 1553 qui-

170 1572 315 1636 busdam
339 1570 661 1647 cantuariensibus,
687 1570 815 1634 domini
845 1589 945 1654 papae
973 1589 1011 1634 se
1038 1589 1120 1635 con-

172 1672 348 1754 spectibus
364 1671 600 1754 praesentavit,
626 1676 748 1752 petens
774 1671 956 1747 instanter,
974 1678 1014 1734 ut
1029 1670 1119 1735 elec-

174 1773 302 1836 tionem
331 1771 460 1835 factam
481 1770 721 1849 conli1marct;
751 1770 812 1835 sed
835 1771 993 1835 dominus
1015 1789 1120 1854 papa,

171 1891 248 1936 cum
270 1872 491 1953 cognovisset
507 1869 599 1952 quod
618 1889 640 1933 a
654 1889 735 1951 rege
758 1878 794 1934 et
809 1871 980 1954 episcopis
997 1871 1120 1934 electio

173 1972 390 2037 contradicta
418 1970 553 2047 fuisset,
576 1970 711 2034 distulit
736 1971 912 2052 negotium
935 1970 1044 2034 donec
1071 1971 1121 2033 rei

172 2071 410 2136 certitudinem
432 2070 617 2134 didicisset.
671 2069 752 2134 Rex
770 2078 886 2134 autem
903 2076 938 2133 et
956 2071 1120 2152 episcopi,

174 2191 250 2236 cum
274 2171 465 2247 audissent,
482 2171 573 2255 quod
592 2170 722 2234 electus
741 2177 951 2235 memoratus
968 2169 1012 2233 ad
1030 2171 1120 2233 curi·

173 2291 228 2335 am
248 2271 442 2336 Romanam
467 2271 533 2335 iter
559 2269 772 2352 arripuisset,
797 2270 1009 2354 objectiones
1031 2289 1122 2352 prae·

172 2372 296 2435 missas
317 2373 354 2434 in
382 2370 548 2453 scriptum
571 2370 729 2434 redactas
748 2378 784 2435 et
805 2376 877 2434 tam
898 2371 995 2452 regio
1017 2388 1122 2453 quam

122 2522 136 2541 ..
172 2472 411 2554 episcoporum
431 2469 578 2553 [sigillo]
598 2471 779 2534 roboratas
795 2491 857 2553 per
873 2458 1071 2535 Roffensem
1087 2476 1122 2533 et

67 2592 97 2650 ᾖ
175 2571 394 2636 Cestrensem
424 2571 605 2654 episcopos
631 2569 769 2634 domino
797 2590 899 2653 papae
922 2571 1122 2634 transmise-

173 2679 267 2749 runt,
289 2671 493 2752 magistrum
519 2669 727 2747 Johannem,
754 2671 1044 2736 Bcdefordensem
1066 2689 1122 2733 ar·

175 2771 425 2848 chidiaeonum,
448 2769 552 2854 hujus
578 2771 709 2851 negotii
734 2772 984 2835 constituentes
1004 2776 1123 2853 patro·

176 2892 268 2936 num.
322 2871 447 2936 Nuntii
470 2870 610 2934 tandem
629 2870 778 2934 Romam
800 2871 1038 2953 pervenientes
1061 2869 1123 2934 do·

176 2973 269 3036 mino
287 2991 388 3054 papae
413 2971 504 3052 regis
527 2977 563 3034 et
582 2970 821 3052 episcoporum
841 2970 959 3034 literas
979 2989 1124 3053 porrex-

175 3079 299 3150 erunt3
322 3073 446 3154 quibus
473 3089 566 3154 papa
590 3069 774 3152 diligenter
797 3071 961 3152 inspectis
982 3070 1026 3133 de
1041 3089 1124 3132 con·

175 3172 254 3236 silio
267 3171 492 3235 cardinalium
507 3170 633 3234 statuit
648 3170 806 3251 partibus
815 3171 904 3234 diem
920 3170 957 3232 in
972 3169 1124 3233 crastino

176 3271 352 3349 cinerum,
369 3279 409 3334 ut
428 3278 512 3334 tunc
533 3270 706 3334 mediante
720 3271 861 3354 justitia
883 3289 1024 3334 causam
1047 3288 1124 3332 sen·

177 3372 367 3436 tentialiter
397 3368 569 3434 diffiniret.
642 3370 771 3434 Eodem
803 3389 893 3434 anno
922 3389 984 3453 per
1015 3377 1124 3444 totam

176 3479 334 3537 aestatem
348 3471 442 3534 facta
458 3476 540 3533 sunt
553 3470 707 3533 tonitrua
724 3478 759 3534 et
775 3471 1029 3534 coruscationes
1047 3469 1124 3533 hor·

176 3572 305 3649 ribiles,
328 3590 406 3654 quac
421 3570 568 3635 aedificia
585 3570 695 3633 multa
711 3571 961 3635 succenderunt
979 3570 1016 3632 in
1039 3569 1124 3633 locis

177 3671 331 3748 diversis,
347 3670 503 3734 homines
520 3677 555 3733 et
570 3669 733 3734 animalia
745 3677 977 3752 peremerunt;
994 3676 1029 3733 et
1042 3671 1124 3732 sub·

177 3780 304 3836 secutae
322 3778 403 3835 sunt
419 3771 456 3834 in
479 3777 646 3834 autumno
668 3778 832 3852 sequente
854 3771 1049 3854 pluviarum
1073 3770 1126 3833 in-

177 3871 382 3936 undationes
402 3870 562 3947 assiduae,
585 3888 663 3952 quae
688 3869 724 3932 in
744 3871 900 3952 frugibus
923 3869 1125 3952 colligendis

177 3971 303 4036 damna
317 3991 385 4036 non
401 3970 536 4035 modica
551 3970 741 4034 cultoribus
759 3971 961 4034 intulerunt.
