2864 4866
197 567 251 608 A.D.
260 567 317 607 1225.

193 2978 237 3013 cast
247 2984 273 3012 ou
283 2974 320 3013 the

192 3024 260 3064 island
269 3025 293 3064 of
299 3024 343 3072 aa

356 373 422 438 106
611 389 745 436 uocaui
773 389 819 436 nn
845 385 1050 437 wnunovun

357 554 532 610 aeternam.
585 546 644 622 Et,
669 564 747 609 cum
781 545 816 608 in
847 563 1009 627 suprema
1036 544 1158 609 fuisset
1186 545 1308 628 despe-

356 648 491 711 ratione
519 646 742 722 constitutus,
768 646 863 709 visus
893 652 947 708 est
974 664 1093 709 cereus
1122 646 1245 726 ingens
1272 652 1308 710 et

356 767 484 828 magno
517 746 699 829 splendore
733 765 920 810 coruscans
960 746 1004 809 ab
1037 746 1209 822 omnibus,
1246 747 1306 828 qui

354 848 392 911 in
416 847 497 911 navi
528 847 824 930 periclitabantur,
854 846 891 908 in
920 846 1118 909 summitate
1147 846 1242 920 mali,
1271 852 1306 909 et

351 947 458 1031 juxta
486 965 623 1011 cereum
653 954 803 1010 stantem
834 945 995 1010 viderunt
1017 944 1168 1028 puellam
1197 965 1307 1028 quan·

356 1048 436 1112 dam
459 1048 565 1111 nimia
590 1046 844 1129 pulchritudine
866 1045 1074 1125 decoratam,
1092 1065 1170 1128 quae
1190 1046 1306 1109 lumen

356 1149 457 1225 cerei,
491 1146 583 1230 quod
625 1154 811 1211 nocturnas
841 1148 1001 1210 tenebras
1040 1147 1250 1223 illustrabat,
1285 1165 1307 1209 a

356 1257 538 1313 ventorum
562 1247 826 1330 pluviarumque
851 1247 1054 1311 irruentium
1078 1247 1200 1311 robore
1223 1265 1306 1310 con-

356 1357 510 1414 servaret
529 1348 755 1431 praeclarum3
782 1368 828 1412 ex
847 1347 913 1411 hac
933 1366 1070 1430 quoque
1092 1347 1240 1410 caelestis
1257 1347 1307 1411 vi-

357 1450 452 1514 sione
491 1448 659 1513 claritatis
692 1455 763 1512 tam
798 1467 913 1513 comes
946 1448 1021 1530 ipse
1053 1466 1155 1530 quam
1190 1454 1307 1510 nautae

357 1569 475 1613 omnes
502 1551 687 1613 securitate
711 1556 890 1632 concepta,
913 1547 1068 1613 divinum
1094 1549 1159 1611 sibi
1184 1548 1306 1611 adesse

358 1651 525 1714 auxilium
554 1648 780 1714 confidebant⁴
835 1649 981 1712 Etcum
1003 1649 1167 1725 universi,
1191 1649 1305 1730 quiin

356 1750 439 1815 navi
462 1757 573 1827 eraut,
596 1750 678 1832 quid
700 1750 775 1814 haec
798 1750 887 1814 visio
910 1749 1141 1832 portenderet,
1164 1749 1303 1830 ignora·

355 1858 444 1928 rent,
467 1851 562 1914 solus
583 1851 778 1915 Willelmus
798 1869 913 1914 comes
937 1849 1103 1933 praefatus
1125 1849 1227 1932 hujus
1250 1850 1305 1912 be-

356 1951 536 2033 nignitatis
556 1952 704 2032 gratiam
729 1952 840 2014 beatae
862 1949 985 2014 Mariae
1005 1951 1131 2031 virgini
1151 1950 1306 2031 assigna-

355 2053 427 2131 vit;
464 2051 632 2134 siquidem
662 2071 775 2116 comes
804 2050 1023 2133 saepedictus,
1058 2051 1112 2114 die
1142 2051 1303 2132 quopri-

355 2172 412 2216 mo
427 2152 575 2217 donatus
590 2151 730 2233 cingulo
745 2151 859 2215 fuerat
875 2150 1028 2227 militari,
1046 2170 1182 2215 cereum
1198 2170 1305 2214 unum

356 2260 436 2316 ante
467 2253 576 2317 altare
612 2252 818 2316 beatissimae
850 2252 971 2314 matris
1000 2250 1068 2313 Dei
1100 2251 1306 2332 assignavit,

356 2360 395 2416 ut
417 2353 460 2415 ad
485 2353 637 2430 missam,
660 2371 738 2435 quae
763 2352 883 2416 diebus
906 2350 1051 2432 singulis
1077 2352 1114 2414 in
1140 2350 1305 2414 honorem

355 2452 509 2535 ejusdem
534 2452 601 2515 Dei
623 2453 800 2534 genitricis
827 2471 904 2515 cum
927 2450 1021 2513 boris
1045 2451 1220 2515 canonicis
1245 2451 1305 2515 de-

355 2560 435 2617 vote
461 2552 550 2617 solet
576 2552 763 2628 decantari,
786 2551 919 2636 jugiter
941 2550 1089 2628 arderet,
1113 2557 1148 2614 et
1170 2571 1232 2633 pro
1256 2552 1307 2615 lu-

355 2654 446 2715 mine
464 2653 646 2736 temporali
664 2654 775 2717 lucem
798 2658 1026 2716 commutaret
1042 2659 1215 2715 aeternam.

430 2829 574 2902 Qualiter
591 2828 672 2892 idem
686 2851 779 2894 comes
796 2828 926 2894 destituta
942 2829 1077 2894 insidias
1093 2829 1234 2894 conserit.

407 2953 476 3017 His
501 2955 552 3018 ita
577 2955 698 3037 gestis,
725 2974 802 3018 cum
829 2954 1000 3018 crastinus
1023 2955 1096 3018 dies
1121 2954 1308 3034 illuxisset,

355 3055 529 3138 projectus
554 3063 607 3120 est
632 3074 746 3119 comes
771 3075 850 3119 cum
873 3055 975 3118 sociis
999 3055 1083 3132 suiS,
1104 3056 1217 3119 ventis
1242 3056 1306 3119 im-

354 3155 573 3238 pellentibus
591 3155 635 3219 ad
653 3156 827 3238 quandam
846 3156 950 3219 maris
972 3155 1133 3231 insulam,
1154 3175 1232 3238 quae
1250 3156 1306 3221 Re

355 3255 544 3332 dicebatur,
571 3257 682 3319 tribus
711 3275 732 3318 a
760 3255 912 3338 Rupella
938 3255 1072 3319 distans
1100 3256 1305 3335 miliaribus,

354 3357 414 3419 ubi
439 3356 600 3420 brevibus
628 3356 776 3437 ingressi
804 3356 935 3439 cymbis
960 3355 1004 3419 ad
1031 3356 1180 3420 insulam
1208 3358 1306 3421 navi-

354 3456 496 3537 gabant.
550 3456 615 3519 Est
633 3464 749 3519 autem
772 3457 807 3520 in
835 3456 950 3519 insula
971 3456 1032 3519 illa
1055 3456 1196 3520 abbatia
1212 3476 1305 3539 quae-

354 3554 433 3618 dam
459 3555 588 3619 ordinis
618 3554 856 3620 Cisterciensis
881 3558 961 3633 sita,
993 3555 1164 3638 adquam
1190 3575 1304 3621 comes

354 3654 494 3718 nuntios
519 3653 672 3735 dirigens
696 3656 899 3738 postulavit,
925 3662 964 3719 ut
984 3663 1082 3720 tutus
1104 3664 1221 3739 posset
1241 3658 1305 3720 ibi-

348 3752 429 3816 ·dem
453 3753 561 3817 latere
585 3756 629 3818 ab
652 3755 821 3834 hostibus,
845 3757 954 3820 donec
976 3776 1061 3820 aura
1085 3757 1150 3819 sibi
1173 3756 1305 3822 felicior

354 3851 542 3933 arrideret3
577 3855 668 3940 quod
700 3858 807 3920 abbas
840 3856 909 3921 loci
939 3857 1005 3921 sibi
1035 3863 1215 3938 gratanter
1243 3877 1305 3921 an·

353 3973 462 4017 nuens
486 3973 563 4018 cum
584 3956 714 4021 honore
739 3958 852 4040 ipsum
878 3965 914 4021 et
933 3956 1007 4041 ejus
1031 3965 1208 4028 consortes
1229 3977 1305 4021 sus·

352 4055 454 4137 cepit.
507 4055 594 4120 Erat
613 4064 728 4121 autem
749 4058 863 4122 insula
881 4057 941 4121 illa
963 4058 999 4120 in
1018 4057 1177 4122 custodia
1197 4058 1303 4123 Sava·

352 4152 414 4218 rici
439 4156 482 4218 de
509 4155 732 4235 Malo-leone,
756 4159 815 4241 qui
836 4166 917 4223 tunc
940 4158 1104 4242 temporis
1130 4177 1209 4222 cum
1234 4159 1303 4224 Lo-
