2864 4866
419 406 558 455 nnonns
582 407 850 457 nrsrournnnu.
1045 393 1110 457 175

158 571 299 628 ventum
329 564 366 628 in
401 564 536 648 Syriam
565 566 799 647 cognovisset,
824 568 919 632 misit
948 569 980 631 ei
1004 570 1110 633 xenia
1122 584 1175 624 Ab·
1185 583 1244 625 ¹22⁸·

158 665 267 728 multa
288 673 325 730 et
341 666 493 749 pretiosa
514 667 551 729 in
569 685 654 730 auro
679 673 714 730 et
738 674 895 748 argento,
920 668 957 730 in
983 670 1109 751 pannis

158 765 276 829 sericis
303 773 339 829 et
360 765 533 848 lapidibus
558 765 731 849 pretiosiS,
756 767 792 829 in
816 768 956 832 camelis
980 777 1016 833 et
1041 771 1110 834 ele·

159 865 311 948 phantis,
328 866 364 929 in
377 866 467 930 ursis
485 873 520 930 et
537 866 658 944 simiis,
674 873 710 930 et
725 865 803 931 aliis
822 870 924 932 rebus
947 870 1108 946 mirificis,

158 966 282 1048 quibus
317 965 476 1030 omnibus
507 967 666 1048 regiones
701 967 879 1032 abstinent
909 970 1109 1033 occidentis.

161 1066 301 1130 Invenit
330 1074 446 1130 autem
471 1067 672 1150 imperator,
698 1074 853 1150 tempore
887 1089 956 1151 quo
985 1068 1110 1134 thou

160 1166 340 1248 applicuit,
363 1167 535 1250 principes
558 1174 594 1230 et
616 1174 767 1231 rectores
789 1169 963 1233 exercitus
989 1170 1110 1252 populi

160 1264 360 1343 Christiani,
399 1266 521 1331 ducem
560 1267 602 1330 de
637 1266 847 1349 Leinburgo,
877 1269 1111 1351 patriarcham

161 1364 529 1450 Hierosolymitanum,
553 1367 829 1452 archiepiscopos
860 1368 1109 1447 Nazarensem,

162 1466 409 1531 Caesariensem
450 1473 485 1531 et
516 1467 789 1544 Narbonensem,
824 1469 1005 1552 episcopos
1034 1467 1111 1533 An·

160 1566 240 1648 glire
268 1567 546 1631 Wintoniensem
579 1574 614 1632 et
646 1568 890 1646 Exoniensem,
923 1570 1110 1651 magistros

162 1665 359 1749 Hospitalis
380 1675 416 1730 et
435 1668 567 1731 militiae
588 1666 724 1749 Templi
748 1675 782 1731 et
800 1667 998 1751 Hospitalis
1017 1669 1110 1734 Teu-

161 1767 366 1845 tonicorum,
399 1768 458 1849 qui
494 1775 667 1850 praeerant
702 1767 909 1849 octingentis
942 1768 1109 1834 militibus

161 1867 351 1948 peregrinis
390 1873 426 1930 et
462 1866 636 1949 peditibus
669 1867 769 1949 quasi
806 1867 924 1932 decem
959 1869 1110 1933 millibus

161 1966 204 2030 de
237 1967 383 2031 diversis
417 1967 536 2030 mundi
571 1968 729 2049 partibus
764 1969 1008 2050 congregatis3
1050 1970 1111 2051 qui

161 2085 280 2131 omnes
306 2066 382 2149 pari
405 2067 588 2132 devotione
603 2067 705 2132 ducti
735 2067 932 2132 Caesaream
958 2076 993 2133 et
1016 2088 1111 2150 quae-

162 2167 241 2230 dam
257 2167 454 2232 munierant
466 2167 622 2245 castella,
639 2169 690 2231 ita
706 2167 798 2250 qnod
818 2169 904 2231 nihil
922 2167 1031 2233 deluit
1048 2171 1109 2247 eis,

163 2267 230 2331 nisi
257 2273 297 2331 ut
318 2267 341 2331 J
344 2286 458 2349 oppen
482 2275 728 2345 restaurarent,
755 2274 790 2331 et
814 2268 865 2332 sic
891 2268 928 2331 in
953 2275 1110 2333 sanctam

163 2367 344 2432 tenderent
359 2367 548 2432 civitatem.
573 2361 785 2450 ¹Imperator
800 2369 931 2451 itaque,
945 2388 1023 2432 cum
1038 2377 1111 2433 sta·

162 2475 236 2532 tum
253 2474 355 2531 terrae
371 2475 503 2531 sanctae
520 2469 752 2549 cognovisset,
775 2469 982 2551 approbavit
1005 2469 1112 2552 pluri·

161 2586 255 2630 mum
284 2568 542 2650 peregrinorum
564 2569 801 2652 propositum3
834 2575 881 2645 et,
904 2569 1111 2652 praeparatis

162 2668 320 2732 omnibns
350 2667 394 2731 ad
419 2668 709 2750 progrediendum
735 2669 950 2746 necessariis,
971 2689 1111 2752 proces-

163 2775 283 2833 serunt
310 2766 467 2845 feliciter,
501 2769 633 2851 praevio
666 2769 885 2851 imperatore,
918 2777 954 2833 et
979 2769 1112 2835 decimo

162 2867 312 2951 septimo
334 2866 501 2932 kalendas
531 2869 732 2934 Decembris
758 2869 849 2950 apud
873 2868 896 2932 J
899 2889 1012 2952 oppen
1033 2889 1111 2952 pro

163 2987 263 3051 spere
278 2976 521 3050 pervenerunt.
553 2969 620 3032 Sed
637 2969 798 3051 quoniam
815 2970 1053 3052 unusquisque
1070 2969 1111 3032 de
1208 3015 1211 3019 ν

161 3068 318 3134 exercitu
341 3069 536 3133 necessaria
557 3070 670 3133 victus
696 3068 741 3132 ad
765 3067 838 3132 dies
856 3068 1022 3151 plurimos
1046 3069 1112 3132 sibi

162 3176 198 3234 et
228 3169 433 3251 equitaturis
462 3170 535 3232 suis
565 3189 642 3232 cum
674 3169 870 3232 summariis
896 3189 959 3251 per
983 3176 1111 3233 terram

162 3276 301 3352 portare
331 3269 499 3351 nequivit,
531 3276 567 3333 et
594 3269 792 3352 specialiter
817 3275 959 3351 propter
980 3269 1045 3333 hoc
1075 3269 1111 3332 in

161 3376 265 3452 portu
278 3367 477 3433 Achonensi
495 3388 602 3434 naves
617 3374 733 3432 essent
750 3375 895 3450 paratae,
909 3388 987 3450 quae
998 3370 1111 3432 victu-

162 3470 268 3534 alium
283 3469 418 3552 copiam
433 3469 601 3534 exercitui
620 3469 754 3533 adferre
772 3468 955 3545 debebant,
970 3475 1111 3551 repente

161 3570 304 3633 suborta
321 3576 530 3653 tempestate
554 3577 590 3632 et
604 3588 710 3651 supra
731 3567 869 3632 modum
888 3569 1111 3633 tumescenti·

160 3670 226 3734 bus
254 3669 424 3753 procellis,
456 3688 519 3751 per
545 3677 677 3751 septem
705 3669 778 3733 dies
804 3668 987 3733 continuos
1013 3688 1111 3750 pere·

161 3770 271 3852 grinis
289 3768 420 3834 Christi
444 3769 608 3834 victualia
629 3769 766 3833 fuerant
788 3768 982 3832 interdicta.
1025 3769 1113 3849 Erat

161 3876 278 3934 autem
295 3876 378 3933 tunc
395 3870 498 3933 timor
515 3888 661 3950 magnus
677 3870 767 3932 iuter
782 3868 922 3946 multos,
940 3889 983 3932 ne
1000 3870 1111 3933 iratus

163 3969 334 4034 Dominus
356 3969 522 4052 populum
545 3988 646 4032 snum
668 3969 782 4033 delere
800 3969 904 4033 vellet
927 3969 969 4033 de
991 3989 1112 4052 super·

198 4126 351 4216 ¹lmperntor
363 4149 463 4215 itaqua]
485 4151 610 4215 Compare
622 4152 663 4201 the
675 4156 782 4202 account
793 4152 826 4212 by
834 4152 928 4202 Ric.de
937 4151 1113 4213 S.Germano;

163 4222 261 4273 Murat.
272 4223 317 4272 vii.
326 4238 352 4284 p.
364 4225 438 4272 1011.
