2864 4866
1105 317 1111 344 l

387 418 527 467 mosas
550 417 820 468 nrsromsnuu.
1010 405 1074 469 241

124 571 331 659 quandoque
345 577 472 655 minus,
486 578 559 659 qui,
576 578 781 659 magistrum
800 578 966 640 habentes
983 577 1073 644 Wil-
1089 597 1144 636 un.
1156 598 1212 638 ηπ.

121 673 258 738 lelmum
278 677 463 760 quendam,
481 672 727 760 ¹cognomento
744 677 894 754 Wither,
914 676 989 761 ejus
1012 699 1073 761 per

122 775 238 838 omnia
255 777 539 860 obtemperabant
554 780 749 861 praeceptis
802 777 870 842 Sed
893 798 970 842 cum
993 787 1073 860 post

100 874 293 939 'modicum
324 884 460 962 tempus
492 879 578 955 haee,
613 897 691 962 quae
721 878 814 942 facta
847 878 996 954 fuerant,
1028 879 1070 941 ad

121 975 246 1038 summi
267 978 441 1058 pontificis
464 980 625 1043 notitiam
646 985 888 1060 pervenerunt,
912 978 1071 1058 indigua-

121 1082 179 1139 tus
201 1083 254 1140 est
272 1077 383 1154 valde,
408 1087 443 1143 et
463 1079 557 1143 misit
575 1072 711 1143 ²literas
734 1079 778 1142 ad
800 1099 917 1160 regem
936 1076 1070 1160 Anglo-

122 1196 209 1254 rum,
226 1176 405 1243 mordaces
430 1179 530 1243 nimis
547 1187 582 1243 et
594 1178 854 1260 increpatorias,
868 1179 960 1262 quod
984 1180 1070 1243 tales

122 1276 157 1339 iu
182 1296 290 1360 regno
316 1298 381 1342 suo
404 1280 477 1343 fieri
504 1279 660 1363 permisit
683 1278 825 1361 rapinas
851 1279 935 1342 viris
961 1279 1069 1342 eccle-

123 1377 283 1455 siasticis
307 1399 377 1442 non
400 1379 530 1444 habens
553 1385 747 1461 respectum
774 1379 818 1442 ad
841 1387 1069 1456 sacramenta,
1139 1376 1144 1383 '

121 1495 199 1558 qnae
210 1477 394 1561 juraverat
406 1488 559 1564 tempore
576 1479 808 1543 coronationis
824 1498 908 1555 suae,
929 1499 997 1542 non
1012 1499 1069 1543 so-

122 1576 193 1641 lum
215 1578 257 1642 de
274 1599 361 1662 pace
382 1580 536 1645 ecclesiae
556 1579 821 1656 manutenenda,
831 1599 950 1642 verum
966 1579 1069 1642 etiam

122 1675 164 1741 de
185 1686 281 1744 recta
298 1679 438 1762 justitia
460 1687 531 1744 tam
554 1680 686 1744 clericis
701 1699 805 1762 quam
817 1679 916 1742 laicis
931 1699 1069 1744 conser-

122 1778 247 1844 vanda.
299 1779 485 1845 Mandavit
506 1780 613 1864 igitur
639 1779 675 1843 in
698 1778 824 1844 eisdem
850 1779 958 1843 literis
983 1781 1069 1862 regi,

122 1879 186 1942 sub
208 1899 313 1962 poena
328 1881 693 1946 excommunicationis
718 1888 753 1944 et
769 1879 943 1944 interdicti
963 1878 1068 1942 firmi-

120 1984 174 2043 ter
192 1980 406 2063 praecipiens,
425 1988 609 2064 quatenus,
632 1980 789 2062 diligenti
811 1980 905 2044 facta
925 1979 1069 2060 inquisi-

120 2079 227 2158 tione,
243 2081 373 2164 siquos
390 2082 493 2165 hujus
512 2081 687 2148 violentiae
705 2079 876 2144 inveniret
899 2085 1069 2157 auctores

121 2185 193 2242 tam
215 2182 369 2262 graviter
390 2183 526 2264 puniret
544 2180 726 2258 obnoxios,
747 2188 787 2243 ut
804 2199 848 2242 ex
867 2198 973 2262 poena
995 2180 1068 2243 illo-

122 2299 198 2343 rum
220 2282 354 2345 caeteris
376 2289 506 2346 metum
525 2283 696 2346 incuteret
718 2288 752 2345 et
775 2288 952 2344 terrorem.
997 2280 1069 2344 De·

123 2379 175 2443 dit
191 2380 295 2446 etiam
312 2382 431 2459 Petra,
449 2381 682 2448 Wintoniensi
705 2382 878 2464 episcopo,
899 2388 934 2444 et
951 2380 1069 2444 abbati

123 2479 234 2545 sancti
259 2481 454 2545 Eadmundi
477 2503 539 2566 per
556 2483 676 2547 literas
702 2483 738 2546 in
766 2481 951 2557 mandatis,
975 2480 1069 2543 utin

123 2581 266 2646 australi
301 2590 400 2665 parte
432 2581 587 2665 Angliae,
617 2583 711 2647 facta
737 2581 960 2664 inquisitione
991 2579 1069 2643 dili-

123 2681 230 2763 genti,
255 2703 489 2766 quoscumque
518 2683 621 2767 hujus
650 2684 698 2747 rei
726 2683 921 2746 invenirent
949 2679 1069 2762 culpa-

122 2781 221 2859 biles,
245 2783 377 2847 tamdiu
397 2784 641 2848 denuntiarent
668 2803 727 2847 eos
754 2782 1069 2845 excommunicatos

124 2901 304 2967 quousque
323 2883 472 2948 Romam
489 2885 647 2948 venirent
662 2902 683 2946 a
700 2882 780 2945 sede
797 2880 989 2963 apostolica
1008 2881 1069 2944 ab·

123 2981 300 3064 solvendi3
329 2985 487 3049 similiter
501 2984 538 3046 in
557 2990 656 3066 parte
678 2982 776 3063 regni
799 2980 993 3062 aquilonari
1015 3000 1070 3044 ar-

123 3082 342 3168 chiepiscopo
359 3085 583 3160 Eboracensi‚
603 3084 765 3166 episcopo
785 3081 1011 3145 Dunelmensi
1035 3089 1070 3144 et

123 3181 289 3261 Johanni,
312 3186 451 3250 natione
474 3185 633 3249 Romano
656 3189 691 3246 et
716 3182 863 3245 Eboraci
892 3182 1070 3256 canonico,

121 3283 213 3346 idem
239 3304 342 3368 papa,
369 3284 489 3349 eadem
516 3284 739 3366 inquisitione
765 3282 960 3358 commissa,
983 3301 1071 3363 prae·

122 3383 227 3466 cepit,
254 3391 293 3449 ut
320 3385 414 3448 illius
436 3385 609 3449 violentiae
630 3391 902 3465 transgressores
921 3380 1071 3444 Romam

122 3483 275 3549 mitteret
291 3484 532 3562 absolvendos,
549 3483 779 3566 appellatione
800 3483 1055 3546 nonobstante.

161 3682 337 3748 ¹Cognomento
346 3685 466 3749 Wither]
479 3684 585 3734 Hiereal
610 3682 639 3731 of
646 3683 681 3732 all
693 3683 734 3731 the
745 3683 806 3731 land
823 3681 872 3730 and
884 3682 960 3731 cattle
971 3682 1073 3742 belong-

124 3771 207 3817 name‚
223 3770 253 3805 as
267 3757 288 3805 it
303 3770 412 3818 appears
427 3756 519 3815 belen,
531 3768 586 3802 was
610 3754 655 3816 ing
665 3758 691 3802 to
706 3753 801 3802 Robert
816 3752 849 3800 de
862 3752 974 3814 Twenge
991 3753 1016 3799 in
1033 3751 1073 3800 his

124 3827 220 3877 Robert
230 3827 262 3876 de
272 3827 392 3887 Twenge.
411 3840 413 3845 ·
429 3825 460 3873 In
471 3823 513 3873 the
525 3823 586 3872 Fine
610 3824 750 3874 bailiwick.

124 3897 205 3959 Bolis,
222 3897 334 3949 29Hen.
344 3895 407 3957 111,
423 3896 446 3944 is
460 3895 545 3943 awrit
561 3899 587 3943 to

123 3967 167 4017 the
179 3967 269 4016 sheriff
275 3966 304 4015 of
312 3964 588 4026 Yorkshire‚0rderiug
648 3959 782 4026 'Literml
810 3963 913 4024 ltpmer,
929 3967 990 4011 tom.
1009 3963 1027 4014 i.
1047 3977 1073 4023 p.

126 4038 178 4087 him
186 4042 211 4086 to
219 4036 294 4086 make
305 4051 322 4085 a
332 4040 419 4085 return
429 4035 458 4085 ot*
462 4035 504 4084 the
513 4035 587 4084 value
613 4037 679 4095 2043
696 4048 738 4082 see
749 4033 838 4096 above,
849 4049 875 4094 p.
884 4037 942 4094 2³2,
952 4035 1016 4081 uate.
