2864 4866
332 400 354 463 6
591 402 724 460 nouum
750 413 796 459 nn
820 412 1027 461 wunnovnn

173 589 298 633 annm.
337 592 474 657 quoque
501 572 569 650 die,
599 571 786 636 baronibus
817 571 862 634 ad
894 590 1047 635 mensam
1075 569 1288 648 sedentibus,

338 674 499 737 exierunt
515 672 628 735 denuo
644 671 772 736 milites
799 678 834 736 et
851 672 1041 736 servientes
1063 670 1221 753 praedicti
1245 669 1288 733 de

340 773 496 849 castello,
522 772 620 837 etin
650 770 886 836 confusionem
914 773 1083 836 baronum
1108 770 1289 846 vexillum,

340 873 432 955 quod
462 873 568 956 paulo
599 880 680 936 ante
711 876 913 954 rapuerunt,
942 870 1165 954 praeferentes
1192 871 1289 952 cogi-

342 974 464 1037 tabant
491 972 604 1036 dictos
636 973 783 1036 barones
812 990 982 1054 occupare
1011 971 1183 1049 inermes3
1215 970 1289 1048 sed,

342 1072 421 1136 aliis
454 1073 683 1156 praemunitis,
715 1072 883 1155 compulsi
917 1078 999 1135 sunt
1033 1070 1077 1133 ad
1107 1070 1290 1134 castellum

343 1172 461 1252 redire.
515 1171 672 1255 Cumque
689 1171 764 1235 dies
785 1171 958 1235 crastinus
980 1170 1166 1247 illuxisset,
1181 1169 1290 1252 jussit

344 1271 550 1336 Lodowicus
592 1272 763 1355 petrarias
798 1278 834 1335 et
870 1270 957 1334 alias
996 1270 1077 1333 belli
1112 1269 1291 1333 machinas

343 1372 436 1436 circa
467 1373 573 1436 castri
606 1372 773 1435 ambitum
805 1371 948 1452 erigere,
983 1371 1108 1452 quibus
1138 1368 1291 1452 undique

343 1472 522 1536 collocatis
550 1471 734 1535 damnosos
767 1469 899 1554 lapides
932 1471 1089 1534 emittere
1117 1489 1187 1533 non
1216 1488 1292 1532 ces·

344 1572 494 1652 sabant3
527 1573 652 1654 quibus
674 1571 920 1649 Walerannus,
952 1589 1077 1653 genere
1100 1569 1290 1633 Teuthoni—

343 1690 418 1749 cus,
441 1672 540 1735 miles
568 1672 604 1737 in
627 1691 730 1755 opere
756 1672 881 1736 martio
910 1672 1087 1754 probatus,
1115 1688 1192 1733 cum
1218 1671 1292 1732 suis

343 1772 631 1858 commilitonibus
670 1771 816 1836 viriliter
858 1772 1058 1835 resistentes
1104 1770 1291 1833 multorum

344 1872 478 1934 animas
506 1891 549 1935 ex
583 1871 778 1954 Galligenis
814 1871 1122 1935 excommunicatis
1149 1868 1194 1933 ad
1219 1877 1292 1933 tar-

344 1977 422 2034 tara
443 1971 665 2052 direxerunt3
691 1972 752 2037 sed
774 1972 922 2055 denique
946 1978 1025 2055 post
1042 1970 1211 2034 diutinam
1234 1970 1292 2033 ob

343 2070 523 2150 sidionem,
542 2092 587 2136 ex
609 2079 784 2155 praecepto
806 2071 911 2153 regiS,
929 2070 1043 2135 dictus
1062 2069 1293 2135 Walerannus

344 2176 380 2234 et
411 2172 596 2254 complices
628 2171 705 2254 ejus
738 2171 922 2236 Lodowico
956 2171 1149 2247 castellum,
1183 2170 1291 2234 salvis

345 2269 411 2332 sibi
439 2271 537 2352 equis
571 2277 606 2335 et
630 2271 747 2348 armis,
768 2271 991 2335 reddiderunt
1013 2264 1161 2335 ¹decimo
1188 2269 1290 2333 tertio

345 2368 514 2433 kalendas
540 2369 713 2435 Januarii.
765 2369 809 2434 In
841 2372 993 2435 crastino
1023 2376 1151 2446 autern,
1178 2371 1290 2453 impo-

344 2469 421 2533 sitis
448 2470 519 2533 suis
542 2470 578 2533 in
601 2469 757 2546 castello,
781 2470 987 2535 Lodowicus
1011 2471 1104 2536 venit
1121 2469 1166 2533 ad
1191 2488 1291 2533 sanc-

344 2576 419 2632 tum
452 2568 640 2647 Albanum,
672 2571 709 2632 in
740 2570 795 2634 die
826 2571 988 2635 videlicet
1020 2570 1113 2634 beati
1147 2570 1292 2633 Thomee

345 2668 506 2751 apostoli,
534 2669 679 2751 exigens
707 2670 750 2733 ab
775 2671 901 2735 abbate
924 2677 964 2734 ut
987 2669 1117 2734 faceret
1139 2669 1205 2732 sibi
1229 2669 1290 2733 ho-

344 2767 518 2850 magium3
542 2770 701 2834 cuicum
726 2771 834 2835 abbas
861 2770 1107 2853 respondisset,
1133 2789 1171 2833 se
1200 2768 1291 2833 nolle

344 2868 376 2930 ei
401 2867 599 2950 homagium
621 2868 746 2947 facere,
769 2871 837 2934 nisi
864 2869 961 2953 prius
987 2871 1226 2935 absolveretur
1248 2869 1292 2932 ab

344 2966 506 3049 homagio
534 2969 626 3051 quod
649 2968 779 3034 fecerat
805 2971 880 3052 regi
901 2968 1107 3052 Anglorum,
1131 2969 1292 3033 Lodowi-

343 3086 405 3131 cus
417 3069 636 3132 vehementer
651 3069 852 3152 indignatus
863 3070 1011 3153 juravit,
1028 3090 1066 3135 se
1082 3071 1163 3152 igne
1179 3069 1292 3153 ipsam

343 3168 519 3232 abbatiam
541 3189 619 3233 cum
637 3170 721 3234 villa
742 3177 819 3235 tota
840 3177 1083 3249 crematurum,
1109 3171 1177 3235 nisi
1199 3170 1291 3233 face-

342 3274 397 3331 ret
411 3269 504 3351 quod
519 3271 670 3352 petebat.
712 3270 866 3334 Tandem
879 3272 987 3336 abbas
1001 3270 1199 3353 praedictus,
1211 3277 1292 3353 post

343 3368 628 3433 comminationes
667 3371 847 3448 terrificas,
891 3371 1143 3435 interveniente
1183 3369 1290 3432 Saero

343 3468 469 3531 comite
491 3467 738 3547 Wintoniensi,
765 3471 866 3533 finem
892 3469 975 3533 fecit
998 3488 1061 3551 pro
1088 3487 1125 3530 se
1152 3473 1187 3530 et
1210 3466 1293 3530 villa

343 3572 430 3641 tota,
454 3566 541 3629 dans
565 3566 750 3632 Lodowico
773 3588 836 3652 pro
858 3568 1006 3632 induciis
1032 3586 1142 3649 usque
1164 3567 1207 3630 ad
1228 3586 1292 3650 pu-

341 3664 567 3729 rificationem
584 3667 696 3731 beatae
718 3665 843 3731 Mariae
864 3674 989 3750 quater
1006 3667 1132 3750 viginti
1156 3685 1291 3730 marcas

341 3766 497 3847 argenti3
521 3784 591 3847 quo
608 3766 714 3842 facto,
732 3766 938 3832 Lodowicus
954 3768 999 3832 ad
1016 3770 1135 3832 urbem
1154 3766 1293 3832 Londo-

340 3864 474 3928 niarum
492 3884 652 3930 reversus
670 3873 734 3931 est.

373 4037 381 4070 ¹
394 4040 494 4090 Decimo
506 4042 579 4091 tertio
590 4042 704 4092 kabades
714 4042 855 4106 denuntia]
878 4058 907 4092 or
924 4043 966 4094 tbe
986 4045 1054 4095 aoth.
1092 4044 1145 4093 Tbe
1157 4044 1291 4103 Waverley

338 4108 437 4161 Annals
449 4112 513 4161 bave
530 4113 557 4164 S.
570 4109 663 4175 Lucy's
674 4113 734 4176 day,
746 4129 774 4162 or
784 4112 826 4161 the
840 4114 907 4163 loth.
