2864 4866
359 383 403 447 64
615 399 750 447 noorai
775 400 821 446 nn
846 400 1052 450 wnunovmr

199 566 322 606 A·1>·¹²²⁰·
360 567 458 624 sente
476 558 569 623 clero
590 565 626 624 et
644 558 772 643 populo
796 561 903 624 totius
924 562 1036 644 regni,
1055 560 1188 627 decimo
1208 570 1313 628 sexto

361 658 527 724 kalendas
548 659 572 724 J
575 660 658 738 unii,
681 680 773 724 anno
791 661 889 742 regni
907 662 960 724 sui
981 662 1115 744 quinto.
1175 663 1314 728 Deinde

360 753 414 823 in¹
445 759 534 824 festo
562 761 674 825 sancti
701 762 873 826 Barnabae
897 762 1047 844 apostoli
1076 772 1315 829 convenerunt

361 859 405 925 ad
437 861 647 944 colloquium
679 861 780 944 apud
804 861 998 926 Eboracum
1030 883 1093 926 rex
1114 862 1312 946 Anglornm

348 959 537 1031 ‚Henricus
560 968 596 1025 et
617 981 681 1024 rex
699 961 881 1025 Scotorum
905 959 1116 1041 Alexander,
1139 965 1197 1028 ubi
1218 965 1312 1029 inter

362 1080 421 1125 eos
435 1054 641 1125 ²tractatum
655 1069 708 1126 est
719 1062 762 1125 de
778 1063 997 1126 matrimonio
1012 1062 1246 1128 contrahendo
1258 1066 1313 1127 in-

361 1168 415 1225 ter
440 1181 556 1242 regem
585 1161 712 1225 Scotiae
734 1169 769 1226 et
791 1181 943 1226 sororem
968 1164 1061 1245 regis
1084 1163 1235 1246 Angliae,
1258 1172 1313 1230 at-

362 1280 440 1343 que,
471 1262 519 1324 ibi
546 1260 676 1326 foedere
713 1261 929 1340 confirmato,
954 1282 1017 1328 rex
1052 1263 1234 1329 Scotorum
1263 1266 1309 1330 ad

361 1362 502 1444 propria
521 1360 700 1427 remeavit.

427 1536 477 1602 Do
491 1534 721 1602 canonizatione
736 1536 838 1600 sancti
851 1535 1003 1620 Hopoois,
1021 1535 1247 1602 Liooolniensis

765 1636 907 1723 qoiscopi.

198 1772 313 1862 m·
335 1823 351 1863 h
413 1763 544 1828 Eodem
560 1783 652 1828 anno
669 1770 811 1829 sanctus
830 1762 951 1844 Hugo,
969 1761 1220 1828 Lincolnieusis
1237 1764 1314 1847 epi·

200 1834 335 1965 fflffl
362 1882 502 1947 scopus,
526 1884 548 1929 a
571 1884 664 1948 papa
693 1862 853 1927 Honorio
886 1863 1109 1929 canonizatus
1135 1872 1187 1928 est
1216 1865 1312 1931 etin

290 1951 296 1964 ¹
362 1965 523 2047 catalogo
546 1972 744 2030 sanctorum
768 1963 952 2039 admissus,
974 1963 1068 2028 facta
1092 1965 1187 2047 prius
1205 1965 1312 2030 mira-

362 2064 516 2129 culorum
545 2066 620 2150 ejus
648 2064 871 2146 inquisitione
895 2083 917 2126 a
940 2062 1129 2146 Stephano,
1153 2063 1312 2130 Cantus*

362 2165 467 2231 riensi
493 2152 761 2248 archiepiscopo,
784 2171 819 2228 et
838 2164 965 2227 abbate
989 2163 1031 2226 de
1053 2163 1222 2228 Fontibus
1243 2165 1311 2230 Jo-

361 2265 487 2344 banne,
515 2266 605 2330 sicut
626 2266 662 2328 in
687 2265 753 2328 boc
778 2264 937 2346 sequenti
961 2263 1091 2328 domini
1120 2284 1220 2348 papae
1248 2286 1311 2351 an.

362 2365 515 2430 thentico
536 2366 754 2444 continetur3
777 2358 805 2400 θ’
823 2363 1002 2428 Honorius
1022 2365 1217 2448 episcopus,
1239 2386 1313 2431 ser·

362 2485 426 2531 vus
449 2485 626 2531 servorum
644 2466 724 2542 Dei,
739 2465 873 2529 dilectis
892 2464 971 2527 filiis
988 2466 1159 2530 universis
1177 2464 1310 2533 Christi

361 2565 519 2631 fidelibus
549 2574 754 2650 praesentem
781 2566 945 2649 paginam
972 2565 1192 2648 inspecturis
1214 2567 1311 2631 salu·

361 2672 430 2730 tem
448 2673 482 2731 et
500 2668 724 2749 apostolicam
741 2666 1027 2731 benedictionem.
1072 2666 1212 2732 Divinae
1230 2667 1309 2750 dig-

361 2768 457 2830 natio
482 2765 622 2850 pietatis
644 2774 784 2831 sanctos
813 2774 848 2831 et
871 2766 998 2830 electos
1026 2785 1108 2830 suos
1132 2767 1169 2830 in
1191 2768 1312 2832 caeles·

362 2866 407 2930 tis
432 2868 530 2949 regni
561 2867 727 2932 felicitate
760 2867 892 2930 locatos
925 2865 1037 2930 adbuc
1064 2865 1101 2929 in
1124 2874 1216 2932 terra
1244 2869 1309 2932 mi-

360 2966 556 3032 raculorum
592 2968 830 3032 coruscatione
866 2966 1045 3044 clarificat,
1077 2974 1118 3032 ut
1156 2967 1309 3033 fidelium

360 3086 422 3148 per
445 3068 511 3133 boc
537 3069 693 3133 excitata
717 3068 855 3133 devotio
878 3086 994 3131 eorum
1015 3066 1181 3150 suffragia
1201 3069 1309 3151 digna

362 3171 581 3233 veneratione
602 3169 804 3252 deposcant.
856 3166 945 3231 Cum
968 3167 1076 3247 igitur
1100 3174 1231 3233 sanctae
1253 3188 1310 3233 re·

360 3261 572 3333 cordationis
587 3268 788 3351 Hugonem,
805 3266 1078 3331 Lincolniensem
1095 3268 1308 3350 episcopum,

359 3388 474 3450 quem,
492 3371 582 3434 sicut
600 3370 699 3434 nobis
718 3368 869 3451 plenarie
887 3373 1036 3445 constat,
1057 3368 1165 3432 divini
1187 3389 1309 3435 mune-

359 3470 406 3531 ris
431 3469 591 3550 largitas‚
614 3477 685 3533 tam
711 3469 748 3532 in
770 3470 844 3533 vita
866 3487 969 3549 quam
996 3467 1100 3531 etiam
1126 3476 1207 3552 post
1229 3490 1310 3536 ves-

359 3575 428 3632 tem
446 3570 668 3634 mortalitatis
686 3575 840 3646 exutam,
856 3568 1045 3651 insignium
1062 3569 1308 3641 miraculorum

359 3669 581 3733 multitudine
611 3670 811 3746 illustravit,
838 3676 1036 3733 sanctorum
1059 3670 1219 3753 catalogo
1245 3671 1309 3736 ad·

357 3769 570 3852 scripsimus,
594 3770 856 3834 universitatem
882 3776 1035 3834 vestram
1065 3789 1244 3835 monemus
1272 3780 1309 3838 et

393 3979 400 4010 ¹
410 3982 441 4030 In
445 3982 513 4041 sesto
522 3982 601 4031 suncti
610 3981 732 4031 Bcrnuboe
738 3977 761 4050 ,·]
775 3982 817 4031 the
845 3987 914 4031 ment
924 3982 998 4030 made
1010 3983 1124 4031 between
1134 3983 1178 4033 the
1194 3983 1270 4047 kings
1281 3985 1309 4036 in

360 4051 544 4103 11th0fJune.
845 4053 947 4172 qulqr,
959 4052 976 4102 i.
988 4068 1015 4134 p.
1026 4057 1089 4174 loq}
1095 4068 1143 4117 seq.
1179 4128 1205 4175 to
1252 4125 1258 4137 Ι

392 4184 818 4253 ²Traototomest.]Seetheagree·
845 4195 901 4243 165.
928 4117 1047 4193 mm]
1089 4140 1169 4190 mer,
1205 4138 1307 4189 MP·
