2864 4866
336 381 402 444 302
597 398 731 447 eochar
756 400 802 446 nn
826 398 1032 447 wnunovna

176 569 299 608 A·1>·¹²³⁴-
338 562 504 635 repetere,
537 562 572 617 et
593 574 695 636 posse
726 556 817 637 regis
849 563 884 619 et
909 555 1167 619 consiliatorum
1207 556 1286 638 ejus

339 654 449 718 modis
464 653 621 717 omnihus
638 655 762 737 quibus
778 661 915 737 poterat
931 654 1116 719 infirmare.

460 828 509 890 Da
522 825 627 912 iniquo
641 827 768 890 coasilio
787 827 943 910 (leufridi
958 827 994 890 de
1008 827 1159 891 Moriere.

177 963 320 1053 necesqus
390 948 545 1031 Cumque
562 952 667 1014 verba
689 949 824 1013 comitis
843 948 1042 1012 Marescalli
1063 949 1285 1030 magnatibus

177 1025 307 1154 {effide
338 1067 431 1130 saepe
453 1049 555 1113 dictis
577 1069 599 1112 a
614 1048 822 1129 Templariis
842 1047 988 1113 fuissent
1003 1047 1191 1125 declarata,
1208 1048 1284 1130 pla-

253 1141 259 1152 '
340 1149 412 1211 cuit
425 1149 475 1212 eis
492 1149 711 1212 vehementer
728 1147 770 1210 ad
795 1148 1003 1229 colloquium
1021 1149 1150 1223 venire,
1172 1148 1285 1212 scien-

340 1254 392 1311 tes
408 1266 446 1310 se
465 1247 613 1331 majores
630 1247 755 1310 hahere
768 1247 859 1310 vires
877 1254 913 1310 et
930 1254 1139 1310 armatorum
1163 1248 1283 1328 copias

339 1366 443 1428 quam
471 1348 699 1411 Marescallus
731 1346 892 1425 haberet3
923 1345 1116 1409 habuerunt
1133 1347 1223 1409 enim
1246 1347 1281 1409 in

338 1447 527 1529 proposito,
544 1446 636 1529 quod
651 1447 725 1509 sine
743 1446 928 1527 campestri
942 1446 1062 1527 praelio
1080 1445 1124 1508 ad
1142 1446 1283 1528 propria

339 1564 408 1608 non
425 1546 585 1609 redirent.
638 1545 866 1609 Marescallus
889 1564 971 1610 vero
994 1564 1015 1608 a
1037 1545 1203 1609 militibus
1225 1564 1284 1608 sn-

340 1645 508 1725 perdicto
524 1645 664 1726 negotio
686 1645 867 1708 consilium
882 1663 1040 1726 quaerens
1060 1643 1162 1721 dixit,
1178 1649 1189 1678 ‘
1203 1645 1282 1708 Suf-

340 1743 441 1808 ficere
465 1743 548 1807 mihi
576 1744 689 1820 debet,
715 1751 754 1807 ut
770 1744 955 1808 concedam
982 1744 1180 1825 proceribus
1205 1743 1282 1808 istis

339 1842 495 1907 inducias
528 1844 734 1926 postulatas,
762 1843 845 1924 quia
876 1843 1010 1927 justum
1038 1843 1121 1906 mihi
1145 1843 1282 1907 videtur

340 1950 374 2005 et
394 1944 519 2008 rationi
547 1944 733 2006 subnixum
759 1942 851 2023 quod
875 1949 1020 2024 petunt3
1051 1943 1140 2005 unde
1163 1943 1281 2020 timeo,

339 2042 369 2103 si
384 2043 432 2104 eis
449 2044 647 2126 aequitatem
663 2042 776 2106 facere
794 2061 978 2122 negavero,
994 2062 1035 2105 ne
1050 2041 1201 2106 deterius
1218 2044 1283 2105 mi-

331 2128 374 2202 hi
395 2142 599 2223 contingat!
651 2142 730 2205 Hoc
749 2161 826 2204 cum
849 2140 1001 2204 audisset
1024 2141 1215 2205 Gaufridus
1237 2143 1281 2206 de

340 2239 504 2316 Marisco‚
531 2242 590 2323 qui
624 2243 655 2304 ei
686 2240 804 2304 dolose
835 2239 1033 2304 adhaerebat
1063 2248 1098 2304 et
1123 2242 1281 2305 conscius

337 2347 414 2402 erat
434 2341 583 2421 provisae
610 2339 814 2421 proditionis
844 2357 886 2402 ac
908 2340 1035 2416 socius,
1064 2341 1221 2422 prorupit
1244 2343 1281 2404 in

338 2457 458 2501 vocem
479 2439 701 2520 blasphemiae
721 2438 888 2503 adversus
911 2458 1009 2517 eum3
1032 2440 1131 2520 quasi
1153 2459 1198 2503 ex
1221 2459 1280 2504 ca-

338 2537 441 2601 ritate
467 2537 610 2620 loquens
627 2537 717 2601 dixit
732 2537 845 2618 ipsum
862 2557 932 2601 non
946 2537 1053 2601 fuisse
1070 2539 1178 2601 filium
1192 2539 1279 2604 Wil-

338 2636 432 2698 lelmi
459 2638 576 2718 magni
602 2636 812 2712 Marescalli,
833 2637 892 2718 qui
914 2637 1057 2700 consilio
1078 2644 1113 2701 et
1131 2639 1279 2719 pruden-

338 2736 398 2811 tia,
425 2737 630 2800 strenuitate
654 2737 784 2819 pariter
805 2742 844 2799 et
863 2735 1020 2814 audacia,
1043 2756 1160 2800 omnes
1190 2739 1281 2801 occi-

336 2834 484 2898 dentalis
507 2836 641 2918 imperii
662 2836 788 2899 milites
804 2837 1001 2918 superabat.
1034 2837 1104 2899 ‘Et
1120 2842 1159 2899 tu
1177 2837 1280 2902 modo

337 2934 477 2997 timidus
508 2935 649 2999 effectus
681 2954 824 3015 regnum
859 2934 1049 3012 Hiberniae‚
1074 2936 1165 3018 quod
1189 2957 1280 3000 nune

336 3033 523 3116 subjugare
541 3035 648 3109 vales,
670 3054 732 3116 per
756 3033 933 3115 ignaviam
951 3035 1104 3098 obtinere
1126 3043 1279 3099 coutem-

337 3132 412 3210 nis3
436 3133 583 3197 induciae
605 3132 786 3216 siquidem,
809 3153 895 3214 quas
922 3141 1046 3215 petunt
1066 3134 1195 3197 inimici
1213 3137 1277 3212 tui,

334 3230 562 3296 frustratoriae
589 3241 681 3309 sunt,
708 3240 749 3296 ut
770 3233 820 3296 sic
844 3233 1033 3315 impediant
1059 3253 1278 3314 progressum

334 3337 444 3394 tuum.
497 3331 647 3396 Noveris
679 3339 794 3396 autem
823 3333 1023 3409 certissime,
1046 3333 1138 3414 quod
1161 3333 1278 3398 hostes

295 3502 298 3509 ,
334 3430 385 3492 tui
409 3449 539 3508 omnes,
563 3452 640 3495 cum
658 3439 692 3495 te
717 3431 864 3495 viderint
884 3440 1055 3495 armatum
1071 3438 1106 3495 et
1123 3432 1166 3495 ad
1189 3452 1278 3514 pug-

334 3547 413 3591 nam
434 3530 516 3614 licet
530 3551 608 3594 cum
622 3532 743 3614 paucis
765 3539 1007 3612 praeparatum,
1024 3540 1123 3612 terga
1141 3540 1279 3596 verten-

333 3635 385 3691 tes
407 3649 469 3710 per
485 3630 603 3712 fugam
619 3630 765 3695 evadere
779 3631 1021 3695 conabuntur.’
1065 3630 1175 3694 Erant
1189 3651 1278 3713 prae·

278 3725 280 3728 ’
331 3733 428 3790 terea
458 3728 584 3794 ibidem
613 3738 649 3794 et
680 3729 739 3793 alii
773 3728 901 3792 milites
931 3738 1054 3812 quater
1075 3730 1201 3811 viginti
1223 3732 1279 3795 vel

331 3826 460 3906 plureS,
490 3829 549 3910 qui
582 3829 625 3892 de
657 3828 865 3893 Marescallo
899 3831 935 3893 in
969 3829 1140 3893 Hibernia
1168 3837 1278 3893 terras

333 3926 506 4004 tenebant,
529 3931 574 3992 ab
594 3929 751 3994 hostibus
773 3927 849 4011 ejus
870 3930 1036 4010 corrupti,
1056 3928 1115 4010 qui
1140 3929 1171 3990 ei
1196 3948 1278 3992 con-

331 4024 509 4090 suluerunt
525 4027 685 4110 idipsum,
709 4028 896 4110 proditiose
919 4028 1016 4092 illum
1039 4028 1197 4109 decipere
1221 4048 1279 4091 cu-

330 4123 474 4203 pientes
