2864 4866
443 413 581 460 rnonns
605 411 875 460 nrsronrrnuu.
1069 393 1134 457 297

188 579 308 634 serunt
335 578 416 635 sunt
445 570 631 650 desperati,
662 577 697 634 et
723 570 783 651 qui
815 575 1006 644 remanent,
1032 568 1068 630 in
1090 569 1134 632 ti·
1147 583 1202 672 331³·
1215 585 1270 624 1²³⁴·

190 689 294 733 more.
342 670 432 732 Haec
448 677 561 732 autem
579 668 726 731 fideliter
740 667 839 731 vobis
853 667 1010 743 dicimus,
1028 674 1063 730 et
1078 687 1134 732 co
1146 643 1262 743 ,st'lf’d's

190 789 264 831 ram
291 770 368 832 Deo
392 774 427 831 et
448 768 641 831 hominihus
664 767 887 842 consulimus,
913 785 1076 847 rogamus
1099 774 1134 831 et
1146 734 1182 773 ’Μ
1192 734 1283 784 '’Q‘'

190 888 380 945 monemus
402 874 442 931 ut
461 866 531 930 tale
553 866 734 929 consilium
763 866 954 928 amoveatis
982 884 1004 928 a
1022 867 1133 944 vobis,

190 976 237 1044 et,
259 968 349 1030 sicut
370 973 424 1030 est
445 966 480 1028 in
503 965 581 1028 aliis
606 966 721 1046 regnis
744 964 969 1040 consuetudo,
988 985 1132 1046 regnum

188 1073 341 1130 vestrum
362 1066 518 1130 tractetis
544 1083 605 1147 per
627 1064 743 1128 fideles
770 1064 924 1128 homines
942 1073 1076 1129 vestros
1097 1073 1133 1129 et

185 1166 323 1247 juratos
345 1166 388 1229 de
410 1184 517 1247 regno
532 1170 669 1243 v'estr03
695 1163 939 1228 denuntiamus
961 1165 1051 1227 enim
1070 1185 1132 1228 vo·

189 1265 241 1327 his
267 1265 303 1327 in
325 1265 484 1341 veritate,
507 1263 611 1346 quod,
638 1265 704 1327 nisi
728 1262 819 1327 insra
841 1264 945 1328 breve
968 1264 1132 1345 temporis

190 1365 340 1445 spatium
364 1366 433 1429 ista
450 1363 653 1441 correxeris
670 1365 705 1427 in
723 1382 784 1426 vos
805 1364 891 1426 etin
907 1382 1025 1427 omnes
1045 1363 1131 1428 alios

189 1465 459 1527 contradictores
478 1483 540 1546 per
560 1482 740 1526 censuram
759 1462 1027 1526 ecclesiasticam
1050 1483 1130 1545 pro-

188 1564 358 1639 cedemus,
378 1563 464 1626 nihil
484 1569 728 1644 exspectantes
751 1561 817 1625 nisi
838 1562 1130 1626 consecrationem

186 1663 391 1726 venerahilis
423 1663 532 1744 patris
565 1663 673 1725 nostri
711 1662 811 1726 electi
845 1660 1131 1726 Cantuariensis.’

188 1763 245 1840 Et,
265 1763 317 1826 his
335 1764 385 1826 ita
401 1763 514 1838 dictis,
531 1781 593 1824 rex
613 1760 788 1824 humiliter
803 1761 923 1823 breves
940 1761 1131 1843 postulavit

186 1862 354 1939 inducias,
376 1863 493 1926 dicens
519 1880 557 1923 se
584 1880 653 1924 non
679 1879 781 1943 posse
805 1860 856 1923 ita
877 1862 992 1924 subito
1016 1862 1129 1924 consi-

187 1963 271 2025 lium
293 1982 393 2024 suum
415 1980 587 2037 amovere,
601 1959 710 2024 donec
727 1959 770 2023 de
789 1959 951 2023 thesauro
972 1979 1036 2023 suo
1061 1959 1130 2023 illis

187 2063 369 2125 commisso
394 2060 610 2125 ratiocinium
640 2059 815 2138 audisset3
846 2067 882 2122 et
904 2059 954 2122 sic
977 2058 1129 2122 solutum

187 2167 240 2224 est
254 2160 474 2242 colloquium,
497 2159 735 2223 recedentibus
757 2158 890 2223 cunctis
907 2178 986 2222 cum
1004 2158 1131 2222 fiducia

186 2260 376 2325 concordiae
393 2260 552 2324 celeriter
565 2259 770 2323 obtinendae.

308 2434 396 2514 Quod
407 2434 526 2499 candui
542 2433 587 2498 ad
601 2432 772 2498 vindiderit
780 2442 1004 2519 proruperant.

235 2559 352 2622 Finito
376 2558 544 2640 siquidem
567 2557 741 2639 colloquio
762 2556 942 2639 praedicto,
963 2577 1040 2622 cum
1067 2576 1127 2622 rex
1141 2576 1265 2626 merrus.

185 2659 299 2740 gratia
310 2658 475 2723 orationis
491 2655 582 2739 apud
595 2656 794 2720 Bro'mholm
808 2657 1001 2734 festinaret,
1014 2664 1127 2720 trans·
1141 2632 1270 2717 hmini.

184 2759 269 2840 itum
286 2758 367 2822 fecit
383 2777 445 2840 per
469 2763 627 2821 sanctum
647 2755 901 2832 Eadmundum,
919 2757 977 2820 ubi
999 2757 1129 2837 pietate

184 2865 298 2921 motus
328 2857 500 2922 concessit
523 2856 625 2919 uxori
653 2855 804 2919 Huberti
833 2855 877 2919 de
903 2855 1023 2936 Burgo
1049 2863 1128 2920 octo

184 2957 338 3022 maneria
357 2956 399 3019 de
416 2957 516 3020 terris
537 2955 714 3038 acquisitis
731 2975 752 3019 a
770 2955 844 3019 viro
860 2973 935 3031 suo,
951 2973 1030 3036 quae
1044 2962 1127 3018 tunc

183 3056 320 3120 fuerunt
337 3057 400 3120 sub
416 3055 575 3120 custodia
591 3055 736 3118 Roberti
753 3053 949 3117 Passelewe
972 3072 1016 3117 ex
1032 3072 1128 3116 man-

185 3156 267 3221 dato
288 3157 397 3238 ipsius
424 3157 540 3238 regis3
574 3174 615 3219 ac
637 3154 770 3230 deinde,
795 3153 934 3235 expleto
961 3153 1127 3217 orationis

184 3263 277 3333 voto,
288 3264 405 3338 partes
420 3256 521 3338 petiit
530 3253 729 3319 occidentis.
766 3254 820 3330 Et,
836 3273 914 3316 cum
925 3253 1075 3316 venisset
1084 3252 1126 3315 ad

183 3355 300 3419 villam
323 3356 366 3419 de
389 3354 640 3430 Huntendona,
658 3347 770 3416 ¹venit
788 3351 984 3415 Richardus
1002 3351 1126 3414 Siuard

182 3475 259 3518 cum
275 3454 455 3518 Gileberto
472 3454 598 3517 Basset
613 3460 649 3515 et
662 3452 796 3515 caeteris
812 3451 962 3514 exulatis
985 3451 1026 3514 ad
1044 3449 1128 3514 Alc-

183 3554 393 3631 mnndeheri,
413 3553 528 3617 villam
546 3551 712 3633 Stephani
729 3550 771 3614 de
788 3550 952 3632 Segrave,
971 3569 1049 3632 quae
1067 3550 1126 3614 vix

183 3653 316 3718 duobus
330 3673 352 3717 a
363 3672 444 3733 rege
453 3652 605 3715 distabat
616 3651 830 3727 milliaribus,
844 3658 891 3725 et,
906 3649 1033 3731 injecto
1046 3650 1127 3730 igue

182 3753 218 3815 in
240 3753 392 3816 aedificiis
412 3752 495 3815 dicti
515 3750 694 3833 Stephani,
709 3751 824 3813 omnia
843 3750 1076 3813 concremavit
1091 3756 1126 3813 et

181 3852 293 3934 spolia
308 3853 498 3932 colligavit.
550 3849 746 3932 Stephanus
764 3869 857 3926 vero,
874 3849 1027 3931 quicum
1045 3868 1126 3929 rege

182 3960 268 4029 erat,
286 3952 404 4015 videns
422 3950 578 4014 flammas
603 3949 824 4012 aedificiorum
848 3968 986 4011 suorum
1013 3948 1125 4028 regio·

301 4152 308 4181 ¹
322 4154 395 4203 Vertit
408 4154 546 4203 Richardus
558 4153 670 4216 diuers]
687 4153 780 4202 Annei.
793 4152 903 4202 Wavcrl.
916 4167 941 4213 p.
955 4155 1010 4201 leh.
