2864 4866
419 411 558 459 rnonns
582 410 853 459 msronmaum.
1068 393 1110 457 31

160 566 348 632 consiliarii
363 566 606 649 inspexissent,
629 567 761 650 placuit
777 565 879 631 valde
902 566 995 649 quod
1012 565 1110 631 licuit
1123 582 1180 623 nv.
1190 582 1245 622 121⁷·

161 669 212 732 eis
229 667 420 749 abAnglia
440 668 611 744 recedere,
628 668 689 733 ubi
703 668 769 731 sibi
789 666 912 731 inutile
928 665 1111 731 videbatur

161 768 291 833 diutius
313 768 539 847 commorari3
563 767 742 832 mandavit
760 768 879 850 itaque
905 766 1111 831 Lodowicus

162 869 279 951 legato
307 874 344 932 et
365 887 492 950 magno
524 867 769 945 Mareschallo,
796 873 836 931 ut
862 867 952 930 diem
979 873 1109 933 certum

162 969 383 1052 providerent
399 975 435 1032 et
449 968 575 1046 locum,
590 968 650 1031 nbi
666 967 742 1032 haee
760 973 960 1052 praetaxata
976 968 1112 1050 possint

163 1069 319 1133 celeriter
346 1067 391 1132 ad
418 1068 577 1133 effectum
600 1068 751 1152 perduci.
804 1067 968 1132 Partibus
995 1075 1110 1132 autem

162 1169 198 1232 in
228 1168 295 1234 hoc
323 1169 630 1246 consentientibus,
665 1175 901 1233 convenerunt
929 1170 972 1232 ad
1004 1168 1111 1232 collo·

164 1270 282 1353 quium
315 1288 423 1352 prope
453 1269 572 1333 villam
609 1269 652 1332 de
686 1269 824 1345 Stanes,
850 1267 956 1351 juxta
983 1268 1111 1332 flumen

164 1369 363 1447 Thamisiae,
390 1369 434 1432 ad
460 1388 580 1451 pacem
606 1368 871 1445 reformandam,
897 1388 960 1432 rex
987 1367 1112 1432 Heuri-

164 1489 224 1533 cns
251 1489 330 1533 cum
355 1469 471 1551 legato
502 1477 537 1534 et
558 1489 686 1552 magno
713 1468 946 1533 Mareschallo
979 1477 1014 1535 et
1034 1469 1110 1533 aliis

164 1570 282 1634 multis
315 1590 361 1633 ex
393 1589 464 1633 una
495 1577 606 1652 parte,
637 1569 843 1635 Lodowicus
871 1589 950 1632 cum
977 1569 1111 1635 comiti-

164 1671 229 1734 bus
251 1689 293 1735 ac
319 1671 505 1734 baronibus
531 1677 567 1735 et
587 1671 664 1734 aliis
690 1670 855 1752 imprisiis
885 1670 957 1733 suis
985 1689 1031 1733 ex
1059 1669 1111 1732 al-

165 1777 260 1852 tera;
285 1771 357 1849 ubi,
377 1770 494 1835 divina
515 1777 722 1853 cooperante
745 1770 871 1852 gratia,
886 1770 921 1834 in
937 1769 1110 1852 subscrip·

164 1879 236 1935 tam
259 1872 354 1955 pacis
375 1870 521 1935 formam
540 1871 767 1935 communiter
783 1877 1030 1933 consenserunt
1046 1876 1111 1933 ter-

163 1973 213 2037 tio
228 1973 305 2036 idus
320 1971 539 2054 Septembris.

218 2138 385 2223 Deforme
393 2137 499 2223 puolo,
514 2147 542 2201 et
556 2137 594 2202 do
604 2137 699 2223 proni
708 2136 874 2222 punitione
887 2156 990 2200 eorum
1004 2135 1059 2220 qui

378 2238 632 2302 communicati
645 2247 735 2302 erunt
742 2259 806 2324 pro
823 2258 899 2323 repe.

208 2355 360 2429 Juravit¹
378 2363 414 2426 in
431 2364 550 2446 primis
568 2362 773 2427 Lodowicus
790 2367 826 2425 et
836 2379 956 2425 omnes
971 2378 1108 2424 excom·
1122 2384 1217 2424 remor

163 2463 329 2528 municati
354 2470 390 2528 et
411 2463 555 2546 imprisii
579 2463 654 2547 ejus
681 2482 758 2527 cum
788 2481 841 2539 eo,
867 2462 969 2525 tactis
997 2478 1109 2524 sacro·
1120 2446 1239 2526 bltlura

163 2565 294 2629 sanctis
320 2564 520 2645 evangeliis,
546 2563 637 2646 quod
664 2570 798 2627 starent
817 2562 949 2644 judicio
979 2567 1110 2624 sanctae
1121 2535 1256 2577 ''m''

163 2665 318 2730 ecclesiae
338 2670 374 2728 et
391 2663 483 2746 quod
506 2662 548 2727 de
567 2670 693 2726 caetero
716 2662 834 2726 fideles
856 2668 957 2730 erunt
972 2660 1110 2725 domino

161 2784 263 2847 papae
279 2770 315 2828 et
331 2762 486 2828 ecclesiae
507 2762 687 2827 Romanae.
731 2761 755 2825 J
757 2761 872 2832 oravit
887 2761 1003 2838 etiam,
1018 2759 1111 2843 quod

164 2864 390 2929 incontinenti
405 2862 579 2928 recederet
594 2882 673 2927 cum
686 2862 845 2932 omnibus
859 2861 930 2925 suis
944 2860 986 2923 de
1004 2879 1111 2941 regno

164 2964 316 3047 Angliae,
345 2983 522 3046 nunquam
547 2964 583 3028 in
607 2963 682 3027 vita
711 2980 776 3026 sua
803 2960 895 3031 malo
920 2959 1035 3023 animo
1058 2978 1111 3022 re-

72 3122 75 3126 ,
161 3084 348 3145 -versurus3
374 3072 409 3129 et
429 3063 521 3147 quod
543 3083 607 3146 pro
632 3081 736 3144 posse
763 3080 827 3124 suo
852 3068 985 3143 patrem
1010 3077 1111 3122 suum

165 3166 365 3248 Philippum
382 3165 572 3240 induceret,
585 3168 625 3226 ut
640 3160 807 3237 Henrlco,
820 3157 1014 3241 Anglorum
1025 3158 1111 3239 regi,

163 3267 323 3333 redderet
344 3264 459 3329 omnia
479 3264 564 3348 jura
584 3281 650 3326 sua
671 3260 887 3343 inpartibus
910 3257 1112 3324 transmari·

164 3369 232 3434 nis.
293 3364 435 3431 Juravit
459 3365 612 3445 insuper,
636 3361 727 3444 quo'd
757 3360 872 3424 omnia
896 3366 1111 3422 castratum

164 3468 265 3532 terris
288 3467 458 3541 omnibus,
481 3481 567 3546 quas
587 3462 661 3544 ipse
683 3468 718 3525 et
735 3459 790 3524 sui
809 3480 871 3544 per
890 3479 1035 3524 werram
1056 3478 1114 3523 oc-

165 3574 378 3650 cupaverant
395 3567 430 3628 in
452 3583 561 3646 regno
579 3560 731 3644 Angliae,
753 3561 827 3643 regi
849 3568 883 3625 et
900 3560 972 3624 suis
991 3559 1113 3625 redde-

166 3674 219 3731 ret
241 3667 481 3731 incontinenti.
534 3663 614 3728 Rex
643 3670 759 3727 autem
781 3660 989 3742 Anglorum,
1009 3660 1112 3725 tactis

165 3766 396 3831 sacrosanctis
428 3765 631 3846 evangeliis
658 3762 793 3847 juravit
824 3781 901 3834 oum
932 3760 1049 3842 legato
1078 3766 1114 3822 et

167 3866 411 3943 Mareschallo,
440 3863 533 3949 quod
560 3863 741 3927 redderent
763 3861 949 3926 baronibus
973 3858 1114 3940 Angliae

166 3974 201 4032 et
228 3967 305 4031 aliis
335 3966 495 4030 omnibus
525 3964 569 4028 de
597 3982 705 4045 regno
735 3962 850 4025 omnia
870 3961 953 4045 jura
983 3966 1018 4023 et
1045 3958 1115 4021 hae-

307 4168 449 4241 murana]
468 4174 515 4223 See
528 4173 570 4221 the
586 4171 688 4221 articles
700 4172 726 4219 in
738 4171 841 4230 Rymer,
853 4168 871 4216 i.
883 4182 909 4230 p.
919 4170 975 4217 148.
