2864 4866
420 404 558 452 nunnus
582 405 852 455 n1sronmnun.
1038 392 1104 456 217

156 561 247 643 quod
270 581 389 626 omnes
412 563 569 628 homines
584 573 686 629 terrae
704 566 798 630 illius
822 568 1008 631 secundum
1029 588 1103 632 rec·
1118 574 1240 616 ¹¹1⁰·1230·

155 668 209 724 tas
228 664 494 728 consuetudines
509 672 544 728 et
561 665 708 747 singulis
726 666 860 730 debitas
869 667 1077 751 judicarent.

263 839 313 902 Dc
327 839 430 903 reditu
446 840 525 926 repis
538 841 575 904 de
591 841 767 905 Britannia
782 841 817 903 in
829 840 991 926 Anplicln.

218 962 241 1025 J
245 964 366 1027 acebat
393 965 525 1029 interea
552 986 614 1028 rex
640 964 833 1047 Anglorum
862 966 954 1049 apud
984 967 1102 1029 urbem
1116 978 1190 1026 Henn

159 1060 418 1128 Nannetensem
435 1085 512 1128 cum
531 1066 686 1129 exercitu
704 1085 779 1143 suo,
797 1066 882 1153 nihil
899 1085 1016 1147 agens
1035 1067 1101 1130 nisi
1116 1032 1232 1128 {iiiiii-⁰

159 1163 250 1243 quod
278 1164 459 1228 thesauros
484 1166 708 1248 consumpsit.
775 1165 927 1230 Comites
951 1186 1033 1230 vero
1063 1186 1103 1232 ac

157 1262 312 1343 barones,
340 1283 419 1328 cum
448 1264 641 1342 Hubertus,
668 1266 758 1346 regis
780 1265 1008 1349 justiciarius,
1035 1286 1104 1329 non

159 1364 315 1444 permisit
347 1370 386 1426 ut
412 1371 534 1428 contra
565 1366 681 1428 hostes
711 1385 808 1428 arma
836 1372 1027 1442 moverent,
1050 1366 1101 1430 se·

159 1469 280 1526 cerunt
307 1463 398 1527 inter
426 1484 463 1527 se
494 1464 655 1529 convivia
682 1465 789 1548 juxta
822 1467 1103 1529 consuetudinem

159 1560 402 1653 Anglicanam,
428 1571 463 1628 et
486 1565 635 1646 crapulis
665 1565 891 1628 intendebant
913 1573 949 1629 et
970 1566 1103 1649 poculis

160 1661 202 1724 ad
232 1662 391 1740 invicem,
422 1684 463 1728 ac
493 1666 523 1729 si
554 1665 627 1728 dies
659 1664 849 1729 Natalitios
879 1666 1103 1743 celebrarent,

159 1761 248 1824 inter
270 1783 358 1844 quos
388 1764 447 1846 qui
476 1784 646 1847 pauperes
678 1774 787 1842 erant,
817 1765 920 1828 rebus
948 1766 1104 1829 omnibus

159 1863 383 1945 consumptis,
409 1883 515 1946 equos
540 1863 778 1928 distrahebant
799 1870 834 1926 et
857 1885 964 1942 arma,
987 1874 1026 1929 ut
1042 1885 1103 1928 ex-

159 1961 238 2024 inde
261 1963 305 2025 ad
323 1969 457 2045 tempus
473 1964 581 2028 vitam
603 1965 766 2027 ducerent
781 1963 962 2027 infelicem.
1010 1965 1104 2028 Tan-

160 2060 236 2123 dem
264 2083 326 2125 rex
352 2061 557 2144 Anglorum,
585 2058 718 2126 ¹mense
743 2062 898 2140 Octobri,
927 2064 1104 2148 dispositis

160 2161 261 2223 rebus
290 2163 493 2226 necessariis
521 2164 565 2227 ad
587 2163 778 2227 custodiam
802 2169 903 2226 terrae
924 2163 1029 2241 illius,
1052 2165 1104 2227 di·

161 2260 253 2323 misit
275 2261 323 2324 ibi
351 2262 478 2326 milites
500 2264 707 2345 quingentos
739 2270 775 2326 et
796 2263 889 2326 mille
914 2265 1103 2329 servientes

160 2361 413 2443 stipendiarios,
449 2383 553 2446 super
590 2383 677 2445 quos
711 2363 882 2446 principes
924 2352 1103 2427 constituit

160 2461 318 2525 comitem
347 2462 491 2526 Cestriae
528 2463 763 2546 Rannlphum,
784 2463 996 2528 Willelmum
1028 2464 1104 2528 Ma-

160 2561 354 2640 rescallum,
381 2569 417 2626 ct
436 2562 649 2627 Willelmum
681 2562 901 2627 Albemarliae
931 2565 1103 2641 comitem,

160 2681 237 2724 cum
253 2662 456 2744 quibusdam
475 2663 551 2726 aliis
564 2664 645 2726 viris
662 2664 887 2727 bellatoribus
901 2671 935 2728 et
948 2665 982 2726 in
1001 2683 1105 2746 opere

161 2762 285 2825 martio
312 2762 532 2845 praeelectis3
563 2764 680 2846 sicque
711 2783 773 2827 rex
803 2783 910 2827 naves
940 2783 1103 2828 conscen-

160 2862 244 2926 dens
268 2869 348 2944 post
370 2862 519 2944 plurima
544 2864 648 2926 maris
674 2863 828 2945 pericula
850 2863 942 2945 apud
964 2863 1105 2926 Portes-

161 2982 239 3026 mue
277 2963 446 3044 applicuit
485 2964 632 3046 septimo
674 2961 839 3027 kalendas
883 2961 1102 3026 Novembris

162 3061 342 3126 Venerunt
366 3049 483 3126 autem
512 3062 611 3126 multi
639 3063 784 3129 diversae
812 3061 1033 3145 professionis
1059 3063 1103 3125 ad

161 3182 238 3226 eum
262 3162 416 3226 homines
438 3163 583 3227 diversis
605 3162 702 3227 illum
723 3163 854 3226 exeniis
873 3162 1102 3241 honorantes3

160 3263 220 3326 sed
242 3281 356 3326 comes
377 3263 420 3326 de
443 3261 631 3328 Glovernia
653 3262 747 3326 etde
770 3260 872 3326 Clare
889 3256 1104 3326 ²Gilebertus

159 3363 201 3426 de
222 3363 377 3444 partibus
396 3363 464 3425 illis
488 3363 622 3426 rediens
648 3362 736 3425 diem
757 3362 881 3425 clausit
898 3369 1103 3437 extremum,

159 3461 259 3546 cujus
292 3469 461 3526 terrarum
498 3463 725 3526 othonorum
759 3462 910 3524 omnium
938 3481 999 3525 rex
1024 3460 1104 3523 Hu-

158 3565 256 3627 berto
271 3561 466 3645 justiciario
489 3561 680 3626 custodiam
702 3561 881 3624 concessit.

194 3737 203 3769 ¹
215 3742 301 3790 Mense
319 3735 449 3807 Octobri]
468 3739 618 3788 ‘Modicum
643 3740 650 3766 ‘
663 3738 750 3786 Rediit
765 3739 791 3787 in
802 3738 921 3799 Angliam
934 3738 1001 3786 circa
1012 3737 1104 3786 festum

158 3811 195 3860 ibi
215 3809 264 3877 (sc.
284 3812 310 3859 in
327 3807 470 3875 Britannia)
486 3810 618 3871 proficiens
644 3807 763 3856 Omnium
770 3813 911 3857 sanctorum
917 3803 933 3867 3’
942 3807 1103 3857 Anuaven.

160 3895 276 3931 reversus
303 3885 342 3929 est
368 3895 453 3928 mense
480 3873 618 3938 Octobri;’
644 3893 670 3939 p.
683 3881 739 3926 192.

159 3951 253 4001 Chron.
267 3950 361 3999 Dunst.
378 3954 435 4000 201.
471 3950 619 3998 ‘Reversus
680 3942 865 4014 ²Gilelertus.]
884 3947 926 3994 He
943 3960 997 3994 was
1013 3946 1103 3993 buried

160 4026 199 4071 est
218 4023 245 4070 in
263 4021 383 4082 Angliam
402 4035 458 4068 cum
480 4018 555 4068 fratre
572 4032 619 4067 suo
644 4016 871 4078 atTewkesbury3
888 4016 981 4065 Annal.
993 4016 1103 4064 Waverl.

159 4087 319 4154 Richard03'
349 4089 478 4152 Hemingf.
507 4105 533 4151 p.
561 4093 619 4138 573.
645 4102 670 4149 p.
685 4090 740 4137 192.
