2864 4866
358 397 422 459 150
614 411 749 459 nouum
778 410 825 458 or
847 409 1056 459 wnunovnn

198 587 322 630 annau
359 572 413 635 nis
454 570 634 635 institutor
672 569 778 633 fuisse
822 568 1022 651 perhibetur
1058 575 1093 632 et
1130 568 1308 648 magister,

199 641 314 752 iiiiii}
362 671 485 737 Romae
509 670 711 734 mirabiliter
734 689 779 734 ex
801 669 866 733 bac
887 669 965 732 luce
992 667 1167 749 migravit.
1221 667 1308 731 Erat

200 741 324 781 s'mm'
361 779 477 836 autem
515 771 722 835 Franciscus
761 776 970 834 memoratus
1010 768 1146 851 generis
1186 768 1312 831 nobili·

361 879 434 936 tate
457 872 657 955 praeclarus
680 871 740 934 sed
760 878 876 934 tamen
897 868 1007 932 multo
1029 868 1155 932 clarior
1176 888 1310 932 morum

360 972 533 1055 probitate
548 971 693 1035 refulsit.
748 969 819 1033 Hic
840 969 1021 1052 siquidem,
1040 968 1230 1050 puerilibus
1247 988 1309 1032 an·

361 1073 416 1136 nis
450 1071 651 1154 simpliciter
674 1070 875 1147 transactis,
902 1070 1008 1151 coepit
1032 1068 1075 1132 de
1101 1069 1220 1132 mundi
1249 1068 1311 1132 bu·

356 1171 417 1255 jus
438 1171 608 1235 illecebris
631 1178 666 1235 et
683 1191 797 1235 rerum
815 1169 1055 1252 temporalium
1078 1169 1310 1233 mutabilitate

361 1272 489 1354 saepius
521 1277 637 1334 mente
670 1270 860 1347 revolvere,
892 1277 927 1334 et
954 1289 1058 1351 quam
1090 1268 1188 1332 nulla
1217 1277 1312 1348 sunt,

360 1391 439 1454 quae
454 1371 690 1454 temporaliter
705 1370 873 1446 defluunt,
895 1369 1128 1434 indesinenter
1144 1388 1310 1452 pensare;

361 1491 440 1534 nam
472 1479 508 1536 et
537 1471 603 1534 hoc
637 1470 805 1535 didicerat
835 1470 871 1534 in
903 1470 1013 1539 literis
1043 1477 1078 1533 et
1106 1469 1312 1551 theologicis

361 1570 564 1654 disciplinis
596 1571 720 1653 quibus
751 1571 795 1634 ab
826 1576 931 1633 aetate
958 1577 1077 1634 tenera
1106 1569 1311 1634 incubuerat

361 1671 532 1754 usquead
553 1671 712 1735 notitiam
739 1668 942 1754 perfectam,
964 1690 1033 1752 quo
1057 1669 1176 1734 ordine
1198 1690 1311 1734 rerum

360 1771 550 1836 labentium
573 1770 839 1836 mutabilitatem
861 1777 1096 1834 contemneret
1118 1790 1158 1834 ac
1178 1770 1310 1836 viribus

363 1873 446 1936 totis
480 1871 524 1936 ad
557 1872 706 1936 caelestis
742 1872 840 1953 regni
871 1870 1079 1935 desiderium
1108 1870 1312 1953 suspiraret.

255 1978 259 1985 '
363 1971 429 2036 Sed
462 1972 553 2054 quod
585 1978 699 2035 mente
731 1977 948 2054 conceperat,
976 1979 1015 2035 ut
1040 1971 1181 2034 liberius
1209 1991 1312 2053 opere

362 2072 561 2154 compleret,
586 2071 822 2136 haereditatem
845 2077 1025 2154 paternam
1050 2091 1120 2134 non
1141 2070 1311 2136 modicam

362 2191 440 2235 cum
476 2172 610 2237 cunctis
652 2172 761 2236 seculi
798 2171 1059 2236 oblectamentis
1105 2170 1311 2254 despiciens,

362 2271 533 2335 cucullam
561 2278 597 2335 et
620 2271 769 2335 cilicium
796 2271 920 2349 induit,
943 2272 1176 2335 calceamenta
1206 2270 1310 2354 depo-

362 2372 445 2448 suit,
473 2373 510 2435 in
539 2370 668 2452 vigiliis
701 2378 736 2436 et
759 2371 904 2456 jejuniis
936 2390 1075 2435 carnem
1108 2373 1310 2450 maceravit,

362 2477 409 2547 et,
436 2477 476 2533 ut
503 2477 732 2552 spontaneam
769 2471 912 2553 eligeret
939 2477 1192 2554 paupertatem,
1224 2472 1311 2537 nihil

362 2571 501 2635 omnino
522 2569 698 2653 proprium
716 2570 843 2635 babere
858 2572 1031 2652 decrevit3
1055 2590 1119 2634 nec
1135 2572 1239 2635 etiam
1257 2573 1311 2655 ip-

361 2690 436 2734 sam
458 2671 677 2735 refectionem
701 2671 888 2750 carnalem,
910 2672 978 2734 nisi
994 2671 1085 2753 quod
1104 2671 1146 2734 de
1165 2672 1311 2736 elcemo-

362 2771 458 2854 synis
482 2770 633 2834 fidelium
661 2772 725 2836 sub
750 2771 853 2835 titulo
882 2771 1051 2854 reciperet
1073 2771 1240 2849 caritatiS,
1264 2781 1311 2851 et,

362 2870 393 2934 si
421 2870 510 2935 sorte
544 2878 625 2953 post
650 2870 888 2935 tenuissimam
923 2871 1145 2935 refectionem
1177 2872 1310 2955 aliquid

361 2971 671 3052 superabundaret,
706 2970 791 3035 nibil
829 2973 866 3035 in
903 2972 1092 3036 crastinum
1126 2991 1309 3037 reservans

361 3076 473 3134 totum
498 3072 706 3154 pauperibus
733 3071 901 3154 erogavit.
948 3071 1107 3136 Vestitus
1134 3071 1238 3136 ctiam
1266 3075 1310 3138 de

360 3178 461 3234 nocte
488 3171 662 3247 dormivit,
684 3178 829 3235 mattam
855 3191 918 3254 pro
940 3178 1053 3235 stratu
1072 3172 1221 3236 cubiculi
1245 3173 1308 3238 ha·

360 3270 447 3347 buit,
470 3289 593 3335 saxum
621 3270 726 3354 capiti
755 3290 818 3353 pro
842 3271 1004 3336 cervicali
1029 3273 1224 3354 supposuit,
1246 3293 1308 3337 cu-

361 3370 453 3434 culla
475 3370 690 3434 solummodo
719 3377 754 3434 et
774 3370 898 3448 cilicio,
921 3371 1045 3453 quibus
1068 3372 1104 3434 in
1129 3371 1184 3435 die
1203 3375 1310 3438 vesti-

360 3477 417 3533 tus
437 3469 591 3547 incessit,
613 3489 676 3552 pro
699 3471 960 3535 nocturnalibus
982 3471 1203 3553 operimentis
1223 3493 1306 3538 con·

361 3576 489 3634 tentus.
542 3570 667 3650 Sicque
693 3568 729 3632 in
760 3572 1013 3653 praeparatione
1041 3572 1213 3653 evangelii
1236 3574 1308 3638 dis-

360 3668 536 3733 calceatus
567 3668 742 3746 incedens,
774 3678 809 3734 et
830 3672 939 3736 vitam
976 3672 1204 3753 apostolicam
1235 3693 1309 3738 am-

360 3768 526 3850 plectens,
549 3769 669 3833 dicbus
698 3769 890 3835 Dominicis
918 3791 959 3836 ac
982 3770 1116 3837 festivis
1140 3773 1177 3835 in
1199 3775 1307 3839 eccle-

359 3867 420 3932 siis
444 3869 700 3952 parochialibus
726 3877 761 3934 et
783 3871 860 3935 aliis
880 3871 1033 3936 fidelium
1059 3874 1308 3939 conventiculis

359 3967 506 4033 officium
523 3969 778 4053 praedicationis
801 3971 980 4054 implevit3
1008 3973 1099 4055 quod
1117 3980 1217 4039 tanto
1235 3974 1307 4038 cffi-

357 4069 474 4133 cacius
510 4070 670 4135 cordibus
708 4071 919 4136 audientium
952 4071 1146 4156 imprimere
1176 4076 1305 4157 potuit,

357 4176 489 4252 quanto
514 4190 536 4234 a
562 4171 759 4236 carnalibus
789 4171 967 4237 desideriis
993 4181 1028 4238 et
1051 4175 1304 4258 gastrimargiae
