2864 4866
226 580 281 622 A.D.
294 580 348 618 12³5.

386 393 452 458 332
643 404 776 454 nocant
801 406 847 452 nn
870 395 1101 454 wnrrnovnn'
1155 423 1160 432 ·

389 588 426 631 se
448 566 595 649 erigeret
617 565 791 629 confidens
809 564 845 626 in
868 563 1031 640 Domino,
1055 574 1237 648 coeperunt
1258 585 1339 631 ossa

388 669 464 751 ejus
488 674 523 730 et
540 666 636 729 nervi
658 665 740 728 dum
765 670 922 745 surgeret
943 665 993 727 ita
1017 665 1131 729 subito
1156 667 1338 748 crepitare,
1368 662 1370 669 ’

388 775 428 831 ut
442 768 553 830 visum
571 766 617 829 sit
634 765 864 839 adstantibus,
874 763 965 845 quod
982 765 1096 827 omnia
1112 783 1195 829 ossa
1210 767 1287 850 ejus
1303 768 1338 830 in

388 866 500 929 frusta
517 865 728 929 comminuta
745 864 911 942 fuissent3
939 870 974 926 et
989 864 1039 927 sic
1054 865 1178 928 mulier
1195 867 1338 930 sanitati

388 966 544 1048 pristinae
565 965 727 1028 restituta
745 964 830 1027 abiit
845 963 881 1025 in
899 962 1036 1026 domum
1059 983 1159 1027 suam
1177 965 1337 1029 exultans

388 1074 424 1129 et
445 1065 671 1145 magnificans
697 1063 823 1140 Deum,
841 1063 900 1145 qui
919 1062 1023 1127 talem
1044 1083 1146 1128 servo
1167 1085 1231 1129 suo
1256 1084 1337 1129 oon-

388 1166 468 1231 tulit
485 1159 721 1248 ¹p0testatem.

435 1339 524 1418 Quod
539 1339 709 1424 imperator
722 1359 854 1402 sororem
871 1338 951 1423 repis
966 1338 1092 1423 Acylla
1101 1339 1289 1424 postulauit.

228 1477 274 1516 The
282 1485 377 1525 emperor
441 1463 569 1526 Eodem
588 1483 691 1539 anno,
708 1483 826 1526 mense
844 1463 1045 1540 Februario,
1060 1472 1231 1529 venerunt
1247 1465 1336 1547 apud

227 1527 277 1565 aske
285 1527 322 1565 tlre

227 1577 322 1625 princess

228 1627 320 1665 lsabella
329 1626 351 1665 ln

229 1677 339 1726 marriage.

389 1563 737 1626 westmonasterium
764 1563 831 1626 duo
855 1563 1044 1644 Templarii
1066 1582 1144 1626 cum
1169 1563 1336 1628 militibus

390 1671 425 1727 et
451 1663 529 1726 aliis
556 1664 686 1727 nuntiis
714 1663 924 1726 solemnibus
949 1664 993 1726 ab
1021 1663 1229 1745 imperatore
1256 1665 1338 1728 Fre-

390 1763 504 1826 derico
527 1763 570 1826 ad
595 1783 712 1845 regem
734 1761 928 1844 Anglorum
950 1763 1059 1839 missi,
1078 1763 1227 1827 terentes
1245 1758 1338 1829 ²lite-

389 1883 447 1927 ras
478 1864 588 1946 ipsius
618 1882 703 1926 auro
733 1863 897 1939 bullatae,
925 1863 962 1926 in
993 1863 1117 1945 quibus
1147 1865 1338 1945 postulavit

390 1963 507 2027 lsabel
533 1982 685 2026 sororem
711 1963 802 2044 regis
830 1963 895 2025 sibi
924 1963 1142 2026 matrimonio
1170 1964 1337 2046 copulan-

390 2063 481 2128 dam.
534 2063 722 2126 Venientes
745 2069 861 2126 autem
882 2063 1029 2144 septimo
1050 2061 1219 2126 kalendas
1240 2064 1337 2128 Mar-

389 2164 429 2226 tii
452 2163 495 2226 ad
520 2182 635 2242 regem
668 2162 841 2242 petiemnt
864 2162 1043 2225 literarum
1069 2170 1104 2226 et
1124 2182 1197 2226 suae
1218 2172 1338 2245 postu·

389 2261 529 2326 lationis
559 2281 761 2343 responsum
791 2262 856 2324 sibi
884 2261 971 2335 dari,
996 2270 1034 2326 ut
1059 2263 1151 2344 regis
1177 2263 1336 2329 volunta-

390 2368 458 2424 tem
474 2362 612 2425 domino
627 2361 825 2443 imperatori
841 2369 982 2444 possent
995 2362 1151 2426 celeriter
1163 2365 1336 2429 nuntiare.

322 2450 324 2455 ’
392 2461 472 2524 Rex
498 2474 614 2525 autem
636 2459 830 2542 Anglorum
855 2461 1075 2541 superdicto
1100 2463 1240 2544 negotio
1269 2464 1338 2527 sol-

391 2560 507 2624 licitus
536 2581 613 2623 cum
642 2560 813 2642 episcopis
845 2567 880 2623 et
908 2561 1004 2642 regni
1032 2562 1086 2625 sui
1115 2563 1337 2644 magnatibus

357 2660 359 2665 ’
391 2662 498 2742 coepit
526 2668 676 2724 tractare
702 2680 763 2742 per
788 2660 952 2736 triduum,
975 2659 1036 2743 qui
1059 2681 1130 2724 rem
1152 2662 1338 2745 diligenter

392 2761 629 2823 examinantes
653 2761 688 2823 in
710 2758 775 2822 hoc
792 2759 999 2823 unanimiter
1020 2771 1282 2840 consenserunt,
1298 2771 1338 2828 ut

392 2860 507 2941 puella
524 2859 722 2942 imperatori
739 2859 880 2922 daretur
895 2881 903 2939 ;
930 2867 966 2924 et
982 2861 1032 2924 sic
1048 2863 1151 2926 tertio
1167 2861 1337 2928 kalendas

391 2958 512 3024 Martii
525 2953 753 3041 ³respondens
767 2959 1021 3023 matrimonium
1038 2963 1185 3042 petitum
1200 2983 1338 3028 conces·

391 3060 447 3123 sit.
501 3057 550 3122 At
571 3060 683 3122 nuntii
707 3079 785 3122 cnm
806 3059 1052 3140 postulassent,
1073 3069 1112 3125 ut
1128 3063 1194 3126 sibi
1216 3063 1338 3130 liceret

389 3159 537 3240 puellam
556 3160 684 3233 videre,
706 3159 800 3222 misit
816 3178 878 3222 rex
896 3159 1031 3240 legatos
1054 3161 1120 3224 fide
1133 3162 1257 3244 dignos
1274 3185 1337 3247 pro

389 3278 506 3323 sorore
527 3279 591 3322 sua
610 3258 652 3322 ad
672 3259 790 3322 turrim
807 3258 1075 3337 Londoniarum,
1092 3263 1150 3325 ubi
1167 3264 1232 3327 sub
1248 3265 1339 3347 vigi-

388 3359 474 3422 lanti
488 3357 645 3422 custodia
658 3360 886 3438 servabatur3
914 3379 1017 3441 quam
1034 3370 1231 3427 reverenter
1243 3365 1336 3447 apud

387 3458 735 3522 Westmonasterium
762 3459 988 3541 perducentes
1012 3461 1049 3523 in
1072 3465 1259 3543 praesentia
1282 3485 1336 3528 re·

387 3560 453 3641 gie,
471 3559 634 3642 puellam,
652 3559 852 3622 vicesimum
874 3559 1020 3640 primum
1040 3562 1154 3625 aetatis
1173 3571 1335 3646 agentem

422 3755 431 3788 ¹
448 3752 629 3824 Potestntem.]
656 3757 726 3806 Here
748 3757 847 3806 follows
872 3761 971 3822 printed
982 3763 1009 3811 in
1020 3763 1123 3826 Rymer,
1133 3766 1152 3816 i.
1163 3780 1190 3826 p.
1201 3771 1261 3829 220,
1271 3768 1335 3818 with

386 3829 412 3875 in
432 3827 508 3875 Paris
524 3843 540 3876 a
556 3843 623 3877 more
639 3828 688 3877 full
704 3831 811 3876 account
822 3827 851 3875 of
872 3847 888 3880 a
898 3834 1127 3883 recommendation
1138 3835 1201 3885 from
1213 3837 1257 3888 the
1269 3853 1337 3901 pope

387 3897 429 3945 the
448 3897 554 3946 electior
574 3898 603 3947 ol
620 3899 662 3947 the
682 3898 759 3947 abbot
774 3897 804 3945 os
820 3897 846 3947 S.
871 3902 898 3950 in
908 3902 950 3951 the
962 3899 1095 3966 emperor’s
1105 3905 1201 3957 behals.

387 3968 504 4029 Alban’s‚
525 3969 669 4030 containing
696 3967 738 4016 tbe
766 3982 847 4016 corre-

386 4037 529 4098 spondence
548 4039 611 4086 with
629 4038 671 4086 the
693 4052 758 4099 pope
778 4052 846 4100 upon
906 4031 1106 4106 ³Respondens.]
1126 4036 1190 4087 ibid.
1202 4038 1220 4088 i.
1232 4054 1260 4100 p.
1272 4044 1336 4102 2213

385 4108 427 4156 the
439 4109 545 4170 subJect.
871 4119 913 4153 see
924 4105 1032 4155 alsothe
1043 4107 1168 4169 marriage
1184 4114 1338 4160 contractet

419 4175 539 4228 ²Literur
564 4177 650 4242 ipsias.
660 4170 676 4244 ]
709 4177 781 4240 'lbey
803 4192 846 4226 are
870 4175 967 4237 length,
980 4191 1005 4237 p.
1017 4180 1075 4227 223.
