2864 4866
189 599 245 638 ab.
256 598 312 637 1228.

189 650 235 688 Tha
243 647 313 737 pope'rs

187 708 339 799 {diffidas

349 406 414 471 162
603 422 739 470 nouum
764 423 810 469 nn
834 420 1040 469 wunnovnn

350 583 462 646 rentia
492 583 516 646 J
519 602 580 647 esu
611 581 752 658 Christi,
784 600 931 645 censura
959 579 1193 645 ecclesiastica
1221 581 1301 645 vili·

351 702 470 765 pensa,
495 702 537 747 ac
567 683 687 746 relicto
718 681 874 746 exercitu
901 679 1113 763 Christiano,
1139 682 1302 763 exposita

351 782 546 847 infidelibus
565 790 659 847 terra
682 789 816 858 sancta,
838 780 1022 846 devotione
1044 782 1163 863 populi
1181 780 1300 845 Chris-

352 884 437 946 tiani
464 884 613 967 abjecta,
641 884 804 946 insnum
832 889 867 945 et
891 883 999 946 totius
1026 880 1300 945 Christianitatis

351 985 573 1065 opprobrium
595 990 781 1047 retrorsum
799 983 884 1048 abiit
900 984 1096 1047 abstractus
1113 989 1148 1045 et
1162 982 1300 1046 illectus

352 1083 395 1147 ad
414 1090 597 1148 consuetas
614 1084 713 1165 regni
728 1082 881 1160 delicias
903 1082 1131 1166 abjectionem
1148 1083 1303 1165 corporis

352 1182 424 1246 suis
450 1183 583 1248 frivolis
608 1183 902 1261 excusationibus,
922 1189 961 1246 ut
986 1182 1124 1260 dicitur,
1146 1184 1299 1264 gestiens

351 1283 508 1366 palliare.
549 1281 730 1348 Attendite
754 1302 849 1364 ergo,
872 1289 907 1347 et
927 1281 1055 1360 videte,
1075 1283 1106 1346 si
1126 1290 1179 1346 est
1202 1281 1302 1345 dolor

352 1383 443 1447 sicut
469 1383 568 1448 dolor
594 1383 684 1447 sedis
710 1383 924 1464 apostolicae,
949 1383 1071 1447 matris
1090 1390 1228 1460 vestrae,
1250 1383 1301 1446 sic

353 1483 537 1548 crudeliter
564 1491 599 1548 et
620 1483 724 1547 toties
753 1483 906 1567 deceptae
929 1483 964 1546 in
990 1482 1071 1559 filio,
1103 1502 1206 1566 quem
1231 1483 1301 1546 lac·

353 1591 501 1662 taverat,
523 1584 560 1646 in
584 1602 685 1666 quem
712 1584 829 1667 posuit
852 1584 887 1646 in
915 1583 981 1648 hoe
1003 1581 1096 1648 facto
1123 1584 1198 1665 spei
1225 1603 1299 1647 suae

353 1684 526 1762 fiduciam,
545 1684 582 1746 in
602 1703 703 1766 quem
724 1690 777 1747 tot
790 1683 1034 1747 beneficiorum
1056 1683 1303 1748 abundantiam

355 1785 557 1849 cumulavit.
607 1783 841 1848 Dissimulans
862 1784 1012 1862 interim,
1038 1802 1092 1860 ne,
1119 1785 1300 1849 occasione

354 1885 509 1963 inventa,
534 1905 571 1948 se
600 1890 772 1948 averteret
799 1902 820 1948 a
847 1891 948 1948 terrae
975 1891 1106 1948 sauctae
1132 1885 1298 1962 subsidio,

355 1985 461 2049 exilia
480 1985 678 2068 praesulum,
696 1983 933 2068 spoliationes,
955 1985 1177 2067 captivitates
1194 1992 1230 2048 et
1246 1986 1300 2048 in-

349 2084 461 2167 jurias
478 2085 698 2169 multiplices,
721 2104 808 2169 quas
830 2084 996 2163 ecclesiiS,
1015 2085 1100 2149 viris
1118 2085 1300 2166 religiosis,

354 2185 487 2249 clericis
517 2186 698 2269 irrogavit,
723 2192 759 2248 et
789 2185 977 2250 obaudiens
1001 2185 1159 2269 querelas
1184 2185 1302 2250 multi·

352 2285 460 2366 plices
482 2305 685 2370 pauperum,
707 2286 914 2368 populorum
937 2292 972 2349 et
997 2285 1176 2363 nobilium,
1194 2286 1300 2368 patri-

352 2387 460 2448 monii
474 2386 629 2450 ecclesiae
645 2385 869 2449 clamantium
886 2392 1007 2450 contra
1019 2386 1145 2470 ipsum,
1163 2387 1302 2468 quasin

352 2502 453 2550 aures
485 2485 627 2550 Domini
657 2484 810 2550 Sabaoth
834 2486 1005 2549 credimus
1029 2486 1201 2551 introisse.
1255 2486 1301 2552 Et

353 2586 512 2667 quamvis
546 2584 692 2650 ecclesia
723 2585 884 2650 Romana
914 2586 1003 2650 tueri
1035 2587 1159 2650 debeat
1190 2586 1300 2651 filium

353 2693 454 2750 tanta
481 2685 661 2769 diligentia
687 2685 870 2750 educatum
893 2693 929 2750 et
957 2686 1215 2767 magnificentia
1238 2707 1300 2751 ex-

353 2785 512 2859 altatum,
535 2804 626 2850 nunc
651 2787 764 2868 ipsum
787 2786 895 2867 gemit
921 2787 996 2850 sine
1019 2786 1136 2852 Marte
1157 2788 1300 2865 victum,

353 2887 484 2969 absque
510 2887 610 2951 hoste
631 2893 857 2970 prostratum,
880 2893 915 2950 et
936 2887 972 2949 in
993 2905 1065 2950 suae
1089 2887 1300 2953 confusionis

352 2987 574 3070 opprobrium
605 2994 676 3051 tam
710 2987 939 3069 ignominiose
970 2986 1152 3069 dejectum.
1216 2987 1300 3053 Non

353 3088 467 3151 minus
495 3089 614 3170 gemit.
626 3087 865 3150 exterminium
897 3087 1070 3151 exercitus
1100 3086 1301 3169 Christiani,

353 3189 414 3269 qui
448 3207 518 3251 non
547 3187 764 3251 inimicorum
786 3187 911 3269 gladiis
938 3187 995 3252 vel
1012 3188 1140 3252 virtute
1163 3187 1300 3267 defecit,

354 3287 415 3350 sed
448 3288 646 3352 calamitate
668 3294 741 3351 tam
766 3287 952 3352 miserabili
982 3282 1036 3352 est
1060 3296 1297 3371 consumptus.

355 3386 473 3452 Gemit
490 3388 607 3464 etiam,
630 3387 723 3472 quod
742 3407 824 3471 pars
843 3388 981 3451 residua
997 3387 1215 3466 bellatorum,
1239 3409 1301 3454 ex·

353 3488 469 3571 posita
489 3489 596 3551 maris
616 3487 778 3571 periculis
805 3494 840 3552 et
863 3487 1024 3551 fluctibus
1044 3495 1303 3572 tempestatum,

354 3588 486 3670 absque
501 3589 597 3667 duce,
614 3595 837 3670 praeceptore,
854 3595 889 3653 et
904 3588 1059 3671 principe
1069 3588 1219 3666 ducitur,
1232 3609 1302 3672 quo

354 3687 703 3768 ignorat,.m0dicum
722 3687 920 3769 profectura
942 3696 1043 3753 terrae
1061 3695 1190 3754 sanctae
1208 3690 1303 3755 utili·

354 3789 485 3853 tatibus
498 3793 512 3865 ;'
536 3788 662 3870 quibus
684 3787 809 3853 debitae
825 3787 1072 3854 consolationis
1088 3789 1251 3855 solatium
1267 3801 1304 3857 et

354 3895 559 3971 opportunae
581 3888 818 3952 subventionis
835 3888 1303 3973 auxilium-impedientibus

349 3987 424 4070 jam
451 3988 557 4052 maris
583 3987 760 4053 frementis
787 3989 947 4072 procellis
979 3990 1226 4074 temporisque
1240 4009 1303 4054 an·
1388 3978 1394 3990 ⁸

353 4087 485 4166 gustia,
506 4088 615 4167 juxta
636 4095 756 4154 votum
782 4108 849 4153 non
880 4108 1063 4171 possumus
1094 4090 1302 4157 ministrare.

353 4186 472 4251 Gemit
502 4188 643 4270 insuper
672 4188 844 4252 excidium
880 4196 1011 4253 sanctae
1045 4196 1160 4266 terrae,
1197 4211 1302 4273 quam
