2864 4866
354 389 399 452 96
610 403 744 452 000101
769 402 815 449 os
840 402 1046 450 wsnoovnu

194 581 315 622 0000.
355 561 507 626 universi
529 562 641 645 ipsum
667 562 863 626 Falcasium
887 569 922 626 et
937 582 1068 640 omnes,
1088 563 1148 647 qui
1169 563 1205 626 in
1228 583 1308 628 cas·

193 632 253 681 siege
262 632 285 671 01

192 683 285 721 Bedlord

191 733 264 773 casile.

355 661 429 725 tolli
452 662 614 745 praesidio
641 670 752 740 erant,
783 662 935 726 candelis
963 664 1128 741 accensis,
1152 657 1309 728 10100111-

354 763 598 827 municationis
622 783 785 827 mucrone
811 772 1065 845 percusserunt.
1118 764 1308 828 Obsessum

354 870 407 926 est
426 871 541 927 autem
555 864 736 928 castellum
753 863 885 927 decimo
902 871 1004 927 sexto
1023 863 1189 928 kalendas
1205 864 1228 928 J
1231 865 1308 942 ulii,

354 961 409 1029 dic
431 963 590 1028 videlicet
611 963 634 1027 J
638 963 714 1028 ovis
736 963 893 1046 proximo
917 971 997 1046 post
1022 972 1165 1030 octavas
1192 964 1308 1028 Trini-

354 1063 450 1128 tatis.
503 1064 561 1141 Et,
583 1064 635 1128 bis
659 1063 710 1128 ita
735 1065 855 1145 gestis
872 1073 1040 1128 venerunt
1064 1085 1109 1129 ex
1131 1071 1306 1148 praecepto

355 1165 447 1246 regis
480 1157 888 1240 2110111001110111111101110,
921 1165 1082 1246 petrariae
1112 1166 1245 1230 scilicet
1271 1173 1308 1229 et

354 1264 586 1346 mangonella,
619 1265 744 1347 quibus
775 1266 811 1328 in
841 1284 964 1349 gyrum
994 1265 1130 1343 locatis,
1155 1265 1308 1329 insultus

355 1366 540 1429 acerrimos
562 1364 699 1428 assidue
723 1365 920 1444 faciebant3
952 1365 1077 1429 inclusi
1097 1367 1308 1430 econtrario

355 1465 545 1529 defensioni
570 1473 733 1530 vacantes
756 1466 827 1529 tela
848 1464 1025 1529 mortifera
1040 1466 1185 1530 viriliter
1208 1467 1309 1531 emit-

355 1565 487 1629 tebant.
531 1565 625 1645 Quid
640 1566 764 1649 plural
788 1565 1060 1630 vulnerabantur
1076 1573 1196 1631 mutuo
1206 1567 1308 1631 multi

356 1671 391 1729 et
413 1665 668 1730 occidebantur.
713 1665 854 1730 Interea
876 1687 938 1730 rex
965 1667 1059 1731 misit
1085 1687 1226 1730 manum
1249 1687 1308 1731 ar·

355 1774 496 1843 matam,
514 1774 554 1831 ut
573 1765 769 1830 Falcasium
790 1774 961 1849 quaereret
980 1774 1015 1831 et
1035 1767 1215 1832 inventum
1231 1769 1308 1850 regi

355 1874 593 1949 praesentaret,
616 1867 676 1931 sed
697 1866 756 1931 ille
784 1887 846 1949 per
867 1867 1104 1950 exploratores
1124 1868 1310 1951 praemoni-

356 1974 412 2031 tus
440 1967 483 2032 ad
512 1968 678 2034 Walliam
712 1987 821 2050 usque
852 1968 1028 2049 confugit3
1068 1967 1160 2032 unde
1192 1961 1307 2033 riuntii

355 2066 398 2132 ad
416 2089 532 2151 regem
547 2075 760 2133 revertentes
786 2087 824 2131 se
849 2068 1026 2131 laborasse
1047 2069 1197 2132 inaniter
1216 2069 1308 2134 fate-

355 2168 491 2233 bantur.
545 2167 595 2234 At
610 2189 674 2233 rex
699 2169 734 2232 in
757 2167 842 2231 iram
866 2175 1074 2250 provocatus
1092 2168 1228 2252 juravit
1243 2190 1308 2254 per

355 2270 505 2333 animam
532 2269 642 2353 patris
665 2267 730 2345 sui,
753 2267 858 2351 quod,
876 2268 906 2331 si
932 2287 994 2351 per
1012 2269 1082 2332 vim
1100 2278 1308 2353 caperentur

355 2369 492 2447 inclusi,
508 2370 664 2452 patibulo
679 2367 905 2451 suspenderet
923 2369 1102 2431 universos
1117 2388 1126 2446 3
1158 2370 1209 2433 illi
1222 2391 1305 2436 vero

355 2490 417 2551 per
444 2471 554 2534 minas
585 2470 677 2552 regis
704 2469 748 2533 ad
773 2468 921 2551 majores
950 2468 1130 2550 provocati
1160 2468 1306 2552 injurias

355 2570 605 2653 prohibuerunt
618 2568 722 2652 regiis
745 2568 886 2645 nuntiiS,
910 2587 953 2631 ne
976 2569 1054 2650 quis
1077 2587 1137 2632 eos
1158 2568 1305 2635 ulterius

356 2669 399 2734 de
420 2671 593 2735 reddendo
617 2669 761 2734 castello
784 2668 998 2733 sollicitaret.
1054 2666 1173 2734 Crevit
1198 2669 1308 2752 igitur

355 2770 435 2835 hinc
456 2771 536 2835 inde
552 2771 696 2835 mortale
720 2769 836 2834 odium
852 2789 897 2832 ex
910 2767 1133 2832 multitudine
1149 2789 1306 2854 peremp-

355 2876 481 2949 torum,
494 2873 545 2935 ita
561 2871 652 2955 quod
669 2892 732 2934 nec
756 2870 881 2935 fratres
901 2867 1076 2946 fratribus,
1097 2889 1160 2933 nec
1178 2890 1305 2952 paren-

355 2978 408 3034 tes
427 2972 519 3048 filiis,
541 2977 779 3054 pepercerunt.
832 2968 988 3033 Tandem
1003 2989 1097 3046 vero,
1112 2977 1192 3051 post
1214 2977 1306 3036 stra·

355 3091 432 3154 gem
447 3073 587 3136 nimiam
602 3079 723 3135 mutuo
739 3069 885 3146 illatam,
908 3069 1057 3133 artifices
1074 3070 1165 3152 regis
1180 3073 1307 3136 castel·

354 3172 426 3236 lum
444 3173 600 3236 fecerunt
615 3172 780 3253 ligneum,
802 3168 911 3233 altum
932 3177 967 3233 et
983 3162 1213 3251 ³geometrica
1230 3180 1306 3238 arte

354 3271 571 3351 fabricatum,
593 3272 629 3334 in
649 3291 719 3354 quo
736 3269 933 3334 balistarios
951 3270 1220 3350 collocaverunt,
1242 3274 1303 3356 qui

399 3513 686 3564 ιΕο00010100100110010
707 3529 816 3563 mucrone
841 3515 883 3563 the
904 3515 997 3566 Chron.
1017 3516 1111 3567 Dunst.
1131 3533 1161 3579 p.
1179 3521 1235 3580 142,
1255 3534 1306 3584 seq,

352 3585 543 3650 permutarunt]
560 3585 614 3632 The
626 3584 715 3644 bishop
727 3584 756 3632 01
765 3584 815 3634 Go-
840 3585 894 3633 The
917 3585 991 3634 Closs
1015 3586 1086 3635 Rolls
1107 3589 1207 3636 contain
1227 3603 1305 3652 many

353 3660 442 3716 ventry
452 3657 539 3704 writes
557 3659 583 3703 10
600 3653 642 3702 the
661 3654 733 3715 king,
752 3653 816 3716 that,
840 3656 911 3704 111110
929 3655 968 3704 101
988 3670 1065 3717 arms,
1085 3658 1234 3721 provisions,
1253 3665 1305 3713 010.

354 3725 450 3786 finding
464 3725 577 3773 Faulkes
591 3723 623 3772 de
639 3724 749 3772 Breaute
760 3739 815 3773 was
840 3724 879 3774 101
896 3725 938 3773 the
954 3740 1001 3774 use
1017 3726 1046 3775 01
1059 3726 1102 3774 the
1116 3727 1179 3790 king
1193 3730 1244 3778 and
1260 3729 1304 3780 the

354 3796 456 3857 staying
468 3796 494 3843 in
508 3795 551 3843 the
567 3793 774 3855 neighbourhood
789 3795 818 3843 01
840 3810 911 3856 army
924 3795 1009 3845 before
1028 3795 1140 3846 Bedford
1155 3799 1254 3862 castle;
1276 3816 1306 3864 p·

353 3866 468 3927 Chester,
482 3865 524 3926 he,
535 3864 598 3914 with
618 3864 660 3912 the
679 3864 769 3926 bishop
789 3865 819 3913 01
841 3869 901 3927 605,
911 3881 975 3929 seqq.

355 3937 458 3998 Exeter,
493 3935 546 3984 had
580 3935 815 3984 excommunicated
874 3934 1046 3986 ³Geometrica
1065 3937 1305 4005 arrefabricatam]

353 4006 422 4064 bim;
438 4007 499 4056 ibid.
838 4007 935 4056 ‘Erant
945 4008 981 4055 ibi
991 4007 1051 4056 duae
1068 4009 1193 4058 machinas
1208 4009 1303 4072 ligneae

390 4076 500 4125 ²Bezlica
519 4075 709 4138 iustrumenta]
733 4075 781 4124 See
799 4091 816 4126 a
839 4082 892 4126 0110
920 4077 1004 4127 fabrili
1036 4092 1115 4139 supra
1141 4080 1303 4129 eminentiam

354 4161 420 4195 more
442 4147 580 4208 particular
600 4150 708 4196 account
727 4144 815 4196 011110
840 4149 915 4196 turris
932 4154 958 4197 et
973 4149 1050 4198 castri
1073 4154 1158 4198 erecta
1181 4151 1215 4200 ad
1236 4165 1305 4215 opus

357 4217 425 4278 siege
436 4217 487 4266 and
498 4217 586 4280 taking
598 4217 627 4268 01
640 4217 682 4266 the
694 4216 773 4266 casile
789 4218 815 4266 in
839 4217 1024 4269 balistariorum
1035 4214 1052 4282 ς’
1069 4218 1131 4270 ibid.
