2864 4866
359 401 427 466 306
616 414 750 462 nonum
774 415 821 462 nn
843 413 1052 463 wnunovna

199 601 322 642 annua
362 574 438 660 ejus
453 578 565 638 totum
588 573 697 655 nsque
725 572 769 636 ad
795 571 994 636 umbilicum
1019 569 1163 634 induas
1190 576 1310 652 partes

199 653 246 692 The
254 662 310 691 mar·

199 703 321 742 ,lumen
363 674 493 751 divisit,
517 670 607 736 unde
638 679 719 755 post
749 672 787 735 in
811 672 920 736 multo
950 670 1018 734 diei
1045 671 1160 754 spatio
1192 669 1309 732 nullus

198 754 300 802 prisoner.

363 774 408 838 ad
439 792 516 837 eum
544 772 706 836 accedere
735 791 842 836 ausus
866 772 943 836 fuit.
995 769 1062 834 Sed
1093 770 1210 834 hostes
1232 769 1310 853 ejus

363 872 573 957 principales
590 873 706 936 animo
723 871 934 936 consternati
954 870 1195 952 compulerunt
1212 868 1311 950 vulgi

348 971 632 1048 multitudinem,
650 972 709 1054 qni
727 991 804 1035 cnm
821 972 963 1048 lanceis,
980 970 1085 1034 furcis
1100 969 1233 1045 ferreis,
1257 987 1312 1032 se·

365 1072 504 1137 curibus
534 1069 747 1135 advenerant
767 1078 804 1135 et
824 1069 1041 1154 bipennibus,
1067 1069 1225 1134 utillum
1249 1069 1314 1132 cir-

366 1172 568 1237 cumdantes
599 1171 831 1254 opprimerent
858 1177 894 1234 et
918 1189 1043 1252 equum
1076 1169 1152 1254 ejus
1180 1170 1312 1233 evisce-

365 1278 484 1336 rantes
513 1270 558 1336 ad
592 1276 720 1334 terram
751 1276 1029 1353 prosternerent3
1062 1270 1122 1352 qui
1154 1268 1315 1351 protinus

367 1371 614 1436 Marescallum
640 1370 941 1435 circumvallantes
966 1386 1091 1451 equum
1120 1369 1197 1453 ejus
1229 1367 1315 1431 mul-

368 1472 414 1536 tis
431 1471 632 1536 vulneribus
646 1470 842 1534 confossum
858 1489 1070 1553 exsanguem
1087 1469 1256 1544 fecerunt,
1269 1476 1315 1544 et,
1343 1535 1357 1553 ,

369 1591 446 1634 cum
469 1571 519 1635 sic
546 1589 624 1633 eum
650 1589 695 1632 ex
720 1590 809 1652 equo
837 1570 985 1654 dejicere
1012 1588 1083 1634 non
1109 1568 1317 1652 potuissent,

369 1669 474 1754 pedes
508 1669 617 1752 ipsius
645 1670 726 1751 equi
755 1688 834 1734 cum
861 1671 1038 1735 securibus
1068 1668 1316 1752 praeciderunt;

370 1789 516 1853 cumque
541 1788 651 1852 equus
684 1786 763 1833 cum
789 1770 1010 1847 Marescallo,
1034 1769 1109 1853 jam
1138 1768 1175 1831 in
1207 1774 1319 1832 certa-

370 1869 463 1934 mine
477 1871 522 1934 ab
541 1869 628 1933 hora
648 1867 717 1933 diei
738 1869 850 1952 prima
871 1890 982 1952 usque
1004 1869 1049 1933 ad
1070 1869 1192 1933 boram
1214 1868 1319 1932 unde-

371 1971 496 2034 cimam
515 1969 675 2050 satigato,
691 1969 877 2033 corruisset
892 1969 929 2033 in
945 1976 1085 2046 terram,
1100 1962 1184 2052 ¹ipsi
1199 1987 1320 2032 accur-

371 2077 487 2133 rentes
515 2076 760 2152 percusserunt
784 2089 862 2133 eum
887 2068 924 2133 in
953 2069 1147 2152 posteriora
1177 2068 1320 2132 loricam

373 2170 529 2233 levantes
552 2176 588 2233 et
607 2167 784 2232 lethaliter
800 2168 1080 2234 vulneraverunt.
1133 2168 1321 2249 Magnetes

374 2275 490 2332 autern
516 2275 764 2349 cognoscentes
790 2269 882 2351 quod
907 2269 1111 2332 vulneratus
1132 2268 1256 2332 suisset
1277 2265 1321 2331 ad

374 2373 533 2444 mortem,
564 2367 625 2450 qui
652 2367 752 2450 quasi
784 2368 954 2432 exanimis
981 2368 1124 2451 jacebat
1152 2368 1189 2430 in
1217 2374 1322 2444 terra,

376 2468 551 2531 duxerunt
565 2467 675 2543 illum,
688 2467 750 2531 vix
768 2466 960 2550 palpitante
971 2467 1006 2530 in
1019 2487 1060 2532 eo
1071 2468 1196 2550 spiritu
1211 2466 1323 2544 vitali,

377 2566 421 2629 ad
445 2566 625 2629 castellum
647 2585 760 2643 suum,
784 2567 877 2651 quod
895 2567 1086 2630 Mauricius
1107 2566 1325 2651 justiciarius

378 2664 483 2747 paulo
501 2671 582 2728 ante
608 2672 746 2747 ceperat
761 2673 796 2730 et
812 2673 953 2750 captum
973 2666 1162 2743 detinebat,
1184 2667 1244 2729 ubi
1261 2667 1325 2730 sub

378 2771 476 2828 arcta
496 2770 655 2829 serratus
676 2766 834 2830 custodia
854 2785 932 2830 cum
953 2786 1023 2830 uno
1042 2773 1178 2830 tantum
1195 2765 1326 2850 juvene

379 2864 421 2927 de
436 2863 508 2927 suis
524 2865 615 2927 inter
631 2862 748 2929 hostes
764 2866 942 2930 remansit.
994 2864 1123 2930 Actum
1138 2871 1192 2930 est
1208 2873 1326 2930 autem

379 2963 445 3026 boc
471 2963 629 3047 praelium
654 2964 765 3047 primo
785 2964 841 3029 die
864 2965 992 3029 mensis
1017 2963 1163 3048 Aprilis,
1184 2965 1221 3029 in
1247 2967 1327 3029 sab·

378 3064 473 3128 bato.

500 3237 550 3300 Da
565 3245 659 3300 morte
673 3243 702 3301 et
715 3235 876 3322 sepultura
891 3235 1010 3301 comitis
1025 3232 1220 3301 Marescalli.

220 3369 364 3412 Deathofthe
432 3361 490 3438 Et,
514 3361 568 3424 his
593 3362 643 3425 ita
667 3361 786 3442 gestis,
805 3367 887 3444 post
910 3360 1061 3424 triduum
1083 3358 1134 3423 ita
1155 3357 1332 3423 convaluit

220 3421 319 3461 marshal.

382 3480 498 3525 comes
513 3460 753 3537 Marescallus,
771 3460 864 3552 quod
878 3461 1087 3523 manducare
1101 3458 1217 3542 potuit
1232 3465 1268 3522 et
1284 3458 1331 3521 bi·

382 3562 475 3637 bere,
483 3561 529 3624 ad
540 3560 635 3624 aleas
651 3560 781 3636 ludere,
797 3566 833 3623 et
845 3560 914 3624 huc
927 3567 1032 3642 atque
1043 3559 1127 3622 illuc
1141 3559 1191 3622 ire
1203 3557 1241 3622 in
1258 3557 1332 3622 tha-

384 3660 477 3724 lamo
487 3661 547 3724 ubi
555 3660 749 3724 infirmatus
758 3659 915 3743 jacebat;
933 3659 1025 3742 quo'd
1035 3658 1190 3723 videntes
1203 3657 1333 3721 inimici

385 3760 460 3842 ejus
480 3760 655 3842 petierunt
673 3779 718 3824 ex
735 3766 835 3842 parte
855 3760 948 3841 regis
964 3757 1115 3840 Angliae,
1126 3764 1166 3822 ut
1176 3757 1335 3821 redderet

422 3965 495 4032 ¹Ipsi
512 3973 692 4036 resumentes]
720 3971 848 4024 ‘Quidam
873 3971 964 4020 feriore
976 3971 1088 4032 corporis
1101 3969 1213 4032 regione,
1224 3983 1275 4030 quo
1289 3984 1337 4018 nu·

386 4040 497 4103 maligno
515 4042 605 4103 spiritu
627 4043 740 4105 agitatus
758 4054 849 4092 eumn
874 4042 935 4090 dum
947 4045 973 4090 et
983 4042 1076 4090 inerme
1083 4039 1237 4102 recognovit,
1243 4039 1337 4088 lethale

386 4111 520 4169 posteriori
535 4115 614 4173 ‘parte
630 4113 737 4162 latenter
758 4127 849 4175 aggre-
874 4113 967 4160 vulnus
984 4110 1077 4160 inflixit
1086 4111 1103 4174 ς’
1123 4109 1337 4160 AnnabWaverl.

386 4178 467 4245 diens,
484 4182 566 4231 eidem
583 4197 616 4232 ex
626 4183 762 4246 improviso
773 4184 800 4233 in
811 4183 851 4233 in·
874 4197 901 4244 p.
913 4186 970 4233 195.
