2864 4866
356 393 422 460 312
616 410 751 458 uocum
774 411 821 459 nn
836 408 1047 459 wuunovur

198 586 320 628 anna.
359 566 525 631 reddituri
561 567 604 631 de
631 568 803 632 thesauris
834 565 1085 649 suis·receptis
1116 565 1246 648 pariter
1269 573 1313 630 et

360 668 534 750 expensiS,
555 668 616 731 sed
638 675 673 732 et
695 668 738 731 de
760 667 875 749 sigillo
898 684 973 743 suo,
996 666 1088 747 quod
1111 665 1201 729 male
1222 671 1314 729 trac-

359 773 530 843 taverant,
562 767 639 850 ipso
666 767 805 849 penitus
834 766 1029 848 ignorante,
1054 765 1246 843 mandavit,
1273 771 1313 828 ut

361 874 446 931 tunc
474 867 632 931 venirent
660 867 861 949 responsuri
891 873 927 928 ct
951 864 1023 949 juri
1049 865 1218 948 parituri;
1252 864 1313 928 sed

360 966 425 1042 illi,
446 965 604 1048 proprias
630 965 861 1030 conscientias
885 964 1051 1044 habentes
1073 970 1254 1046 suspectas
1276 964 1313 1026 in

362 1065 533 1141 omnibns,
556 1083 601 1128 ex
629 1084 708 1128 nna.
730 1071 830 1146 parte
859 1083 989 1145 regem,
1019 1085 1064 1127 ex
1092 1064 1203 1128 altera
1230 1083 1313 1128 vcro

362 1164 487 1228 fratres
518 1169 554 1227 et
583 1163 711 1227 amicos
740 1164 939 1228 metuebant
971 1163 1181 1241 Marescalli,
1212 1163 1313 1247 cnjus

363 1251 481 1327 necem
496 1270 776 1345 procuraverant.
830 1262 932 1326 Unde
952 1263 994 1326 ad
1016 1283 1136 1346 pacem
1158 1262 1313 1326 ecclesiae

363 1362 601 1443 confugientes
627 1363 809 1445 episcopus
831 1369 866 1426 et
891 1361 1017 1426 Petrus
1040 1363 1083 1425 de
1105 1362 1256 1426 Rivallis
1277 1362 1313 1424 in

364 1461 509 1525 ecelesia
526 1460 716 1524 cathedrali
735 1461 826 1544 apud
841 1462 1054 1526 Wintoniam
1076 1461 1274 1537 latitabant,
1293 1479 1315 1523 a

364 1567 551 1643 conspectu
579 1560 753 1624 hominum
775 1579 850 1624 sese
879 1562 1018 1644 penitus
1046 1560 1310 1637 subtrahentes;

364 1659 559 1742 Stephanus
589 1680 671 1724 vero
694 1660 738 1724 de
762 1660 915 1742 Segrave
943 1661 978 1723 in
1007 1659 1153 1725 ecclesia
1181 1666 1314 1723 sanctae

366 1759 490 1823 Mariae
513 1759 605 1841 apud
630 1760 883 1841 chccestriam
906 1760 1055 1837 delituit,
1078 1767 1125 1836 et,
1140 1759 1200 1843 qui
1217 1759 1313 1841 prius

365 1878 386 1922 a
408 1859 571 1923 clericatu
596 1858 640 1921 ad
662 1859 820 1922 militiam
842 1858 1009 1939 confugit,
1024 1878 1116 1922 nunc
1138 1864 1314 1922 econtra·

364 1959 415 2022 rio
434 1958 479 2021 ad
492 1958 674 2023 clericatus
685 1957 834 2021 officinm
846 1976 1005 2023 reversus
1020 1976 1194 2034 coronam,
1210 1976 1315 2040 quam

365 2057 551 2139 reliquerat
576 2057 773 2122 inconsulto
799 2058 973 2141 episcopo,
1002 2057 1206 2136 renovavit3
1240 2057 1314 2120 Ro·

365 2157 484 2219 bertus
512 2176 649 2238 quoque
673 2157 868 2221 Passelewe
892 2156 936 2220 ad
965 2157 1147 2220 latibulum
1172 2156 1316 2221 divertit

365 2255 535 2336 ignotum,
557 2255 608 2319 ita
633 2257 725 2337 quod
751 2256 849 2319 illum
873 2256 1020 2319 Romam
1049 2256 1190 2338 petiisse
1215 2255 1316 2319 multi

366 2354 638 2435 contendebant;
664 2374 727 2419 nec
749 2355 851 2419 etiam
876 2356 920 2419 ad
943 2356 1142 2419 mandatum
1160 2355 1253 2437 regis
1275 2354 1317 2417 li-

367 2453 462 2516 mina
483 2454 639 2517 ecclesiae
660 2455 737 2517 ausi
765 2461 846 2518 sunt
872 2454 1001 2538 egredi,
1027 2455 1106 2518 iude
1134 2473 1317 2535 argumen-

368 2559 441 2615 tum
467 2553 672 2635 suspicionis
696 2552 885 2632 trahentes,
911 2555 1001 2635 quod
1029 2553 1158 2617 inimici
1184 2572 1316 2630 eornm,

368 2651 428 2732 qui
451 2651 552 2715 villas
574 2671 656 2715 suas
682 2660 716 2717 et
736 2653 881 2717 aedificia
905 2673 982 2717 cum
1004 2653 1136 2717 horreis
1158 2652 1316 2734 frugibus

367 2749 479 2833 plenis
506 2758 542 2815 et
570 2758 697 2815 caetera
724 2771 871 2835 quaeque
899 2753 965 2816 sihi
988 2752 1155 2816 damnosa
1177 2771 1318 2816 concre-

368 2856 558 2927 maverant,
581 2871 650 2914 non
673 2859 853 2933 parcerent
872 2853 1071 2934 corporibus
1090 2853 1172 2929 suis,
1200 2852 1231 2914 si
1256 2870 1319 2915 no-

368 2948 466 3013 cendi
485 2951 779 3032 opportunitatem
794 2951 971 3015 haberent.

420 3122 511 3196 Quod
525 3126 688 3209 recorrigit
702 3125 903 3189 ratiocinium
917 3147 938 3188 a
948 3127 1043 3189 Petro
1058 3125 1095 3188 de
1110 3124 1235 3189 Rivalii
1251 3172 1259 3187 .

209 3259 271 3298 Peter
281 3259 307 3299 de
429 3245 585 3310 Tandem
609 3248 844 3326 Eadmundus,
868 3248 1128 3312 Cantuariensis
1151 3248 1321 3331 archiepi-

209 3309 304 3347 Rivanlx

208 3369 326 3448 affirm
369 3363 507 3428 scopuS,
538 3347 597 3429 qui
620 3348 716 3429 pacis
745 3348 913 3412 mediator
939 3355 1014 3412 erat
1041 3348 1146 3430 hujus
1172 3348 1319 3425 dissidii,

209 3457 269 3507 kim·
369 3445 568 3526 impetravit
589 3466 611 3509 a
631 3466 724 3527 rege,
747 3454 787 3510 ut
809 3448 873 3510 sub
896 3447 994 3511 salvo
1015 3447 1187 3511 conductu
1209 3448 1320 3530 ipsius

371 3552 406 3607 et
431 3545 667 3628 episcoporum
695 3553 837 3628 possent
862 3546 904 3609 ad
927 3547 1017 3609 diem
1041 3556 1174 3611 certum
1203 3566 1318 3610 coram

369 3642 430 3706 illo
456 3644 571 3707 venire
603 3646 800 3727 responsuri
828 3665 932 3729 super
959 3646 1199 3709 exactionibus
1222 3666 1320 3734 prae-

371 3741 484 3817 dictis,
518 3750 555 3806 ut
588 3745 698 3806 omnis
724 3745 760 3806 in
788 3765 896 3826 regno
927 3745 1151 3809 dissensionis
1183 3746 1321 3809 occasio

372 3840 554 3921 sopiretur.
606 3841 737 3906 Statuit
762 3844 869 3924 igitur
895 3844 964 3908 illis
992 3845 1079 3908 diem
1112 3864 1175 3907 rex
1208 3845 1320 3927 pridie

371 3938 450 4001 idus
479 3938 567 4003 Julii
597 3942 687 4022 apud
710 3942 1066 4020 Westmonasterium‚
1099 3952 1137 4008 ut
1171 3945 1323 4008 breviter

371 4038 517 4116 dicatur,
534 4040 592 4102 ubi
617 4041 681 4103 sub
702 4043 915 4123 protectione
931 4044 1179 4126 archicpiscopi
1196 4051 1232 4106 et
1247 4045 1322 4126 epi-

370 4157 550 4220 scoporum
583 4139 626 4202 ad
659 4142 748 4220 regis
781 4144 998 4224 praesentiam
1029 4150 1108 4207 sunt
1137 4142 1322 4225 perducti;
