2864 4866
421 387 559 436 rnoans
584 388 854 440 n1sronmnuu.
1049 379 1113 441 103

380 601 430 686 oa
444 621 693 687 mutauerant
702 624 888 709 proauo-a.

211 745 314 810 Circa
335 745 398 810 hos
415 765 554 830 quoque
571 748 657 825 dieS,
676 749 808 813 Martio
830 750 962 814 scilicet
978 771 1107 831 mense,
1122 769 1175 808 nn.
1188 773 1243 812 122⁵.

1120 821 1253 862 Sentenceos

157 853 394 912 'convenerunt
426 847 519 929 apud
544 848 891 913 westmonasterium
925 851 968 914 ad
1001 853 1107 918 colle·
1120 871 1256 912 unionem

159 948 278 1030 quium
296 967 360 1011 rex
377 945 572 1029 Anglorum
595 967 671 1012 cum
698 952 918 1031 magnatibus
939 952 1024 1030 suiS,
1048 955 1106 1018 ubi
1119 924 1267 1013 ilidii}

158 1047 248 1112 idem
276 1066 338 1110 rex
366 1047 474 1130 jussit
495 1049 748 1113 sententialiter
776 1049 932 1128 diffinire,
957 1052 1104 1134 quidde

156 1148 332 1230 proditore
347 1167 410 1212 suo
428 1148 588 1212 Falcasio
602 1148 691 1213 foret
707 1149 891 1231 agendum.
937 1150 1104 1218 Proceres

157 1248 299 1313 veroin
324 1247 389 1312 hoc
414 1249 545 1330 pariter
572 1258 819 1315 consenserunt
842 1270 920 1314 cum
943 1273 1036 1334 rege,
1062 1274 1103 1319 eo

158 1348 251 1432 quod
276 1349 368 1430 patri
395 1369 459 1412 suo
489 1348 607 1413 multis
633 1349 780 1414 fideliter
803 1353 970 1416 servierat
992 1356 1102 1433 anniS,

156 1470 201 1514 ne
229 1449 271 1512 de
299 1448 374 1513 vita
396 1448 649 1531 periclitaretur
674 1450 730 1515 vel
761 1453 933 1529 membris,
966 1454 1038 1530 sed,
1064 1462 1103 1519 ut

156 1548 322 1632 Angliam
353 1550 565 1614 aeternaliter
592 1549 781 1635 abjuraret,
807 1571 925 1616 omnes
951 1572 1101 1618 commu-

155 1651 246 1715 niter
276 1648 508 1730 addixerunt3
545 1670 615 1733 quo
642 1650 747 1728 facto,
780 1654 944 1735 praecepit
965 1653 1101 1718 Willel-

156 1771 213 1816 mo
239 1749 356 1815 comiti
381 1751 568 1815 Warennae
597 1771 673 1829 rex,
703 1759 742 1815 ut
767 1753 880 1835 ipsum
909 1756 973 1817 sub
1003 1756 1101 1821 salvo

156 1852 199 1915 ad
231 1869 325 1915 mare
362 1851 569 1916 conduceret
601 1859 636 1915 et
666 1853 747 1915 navi
776 1854 975 1935 impositum
1008 1875 1098 1919 com-

156 1953 309 2017 mitteret
327 1952 441 2016 ventis
460 1959 495 2016 et
516 1951 615 2016 velis,
668 1951 770 2031 Quod
798 1973 875 2016 cum
894 1955 1021 2017 sactum
1049 1955 1100 2020 fu·

155 2051 251 2130 isset,
275 2051 355 2115 dum
381 2051 561 2116 Faleasius
584 2070 706 2116 navem
731 2052 979 2134 ingrederetur,
1002 2055 1101 2138 adju-

154 2153 246 2218 ravit
286 2151 446 2216 comitem
486 2152 688 2234 praedictum
728 2172 806 2216 cum
843 2153 1029 2237 lachrymis
1061 2166 1100 2220 ut

155 2239 323 2318 salutaret
345 2251 519 2316 dominum
546 2272 646 2315 suum
672 2271 800 2334 regem,
828 2251 999 2318 affirmans
1021 2275 1100 2319 cum

150 2352 357 2437 juramenta,
380 2353 473 2434 quod
496 2353 785 2434 perturbationes
811 2373 898 2437 quas
926 2354 962 2416 in
992 2375 1100 2437 regno

153 2454 294 2532 fecerat,
319 2453 485 2516 instinctu
514 2452 684 2536 majorum
712 2453 809 2535 regni
831 2453 970 2537 Angliae
993 2474 1030 2519 se
1053 2456 1101 2519 fe-

154 2555 265 2634 cisse3
296 2550 415 2635 sicque
439 2572 517 2617 cum
540 2553 693 2636 quinque
713 2561 848 2618 tantum
871 2555 1100 2620 servientibus

154 2655 191 2719 in
211 2653 463 2719 Normanniam
480 2660 711 2731 transvectus,
730 2654 909 2719 confestim
931 2661 972 2719 ut
988 2656 1100 2739 appli-

154 2755 226 2819 cuit
244 2773 267 2818 a
288 2754 454 2818 ministris
476 2753 570 2834 regis
595 2753 806 2818 Francorum
829 2749 968 2838 ¹captus
990 2763 1043 2820 est
1065 2764 1101 2820 et

154 2855 228 2936 regi
250 2853 415 2936 praedicto
434 2860 678 2936 praesentatus
700 2854 772 2931 sed,
795 2855 958 2937 quoniam
979 2857 1099 2920 inven-

154 2962 210 3019 tus
244 2954 311 3018 fuit
341 2972 442 3017 cruce
474 2953 645 3034 signatus,
678 2955 882 3019 dimiserunt
911 2975 1001 3032 eum,
1040 2957 1100 3038 qui

153 3055 245 3118 illico
269 3054 416 3119 Romam
437 3053 613 3136 profectus
636 3061 700 3117 est.
752 3053 907 3119 Tandem
928 3075 1006 3118 cum
1027 3055 1099 3119 Ro-

152 3156 250 3219 berto
268 3142 498 3230 Passeleawe,
516 3153 640 3217 clerico
657 3173 733 3232 suo,
751 3174 851 3238 papae
868 3161 1099 3237 praesentatus

155 3263 219 3332 est,
236 3255 327 3319 sicut
341 3274 404 3318 suo
422 3254 498 3318 loco
514 3253 657 3318 dicetur.

234 3439 283 3502 De
299 3436 412 3502 valona
429 3458 494 3522 quc
501 3436 627 3520 fereda
644 3434 861 3517 deofforestori
875 3433 1011 3499 debeant.

203 3562 333 3628 Eodem
363 3582 465 3638 anno,
497 3562 540 3625 ad
574 3580 726 3625 mensem
754 3559 796 3623 de
828 3560 977 3638 Pascha,
1005 3560 1100 3624 missi
1112 3578 1236 3629 Inspection

154 3671 234 3730 sunt
251 3683 273 3727 a
289 3682 371 3745 rege
388 3660 527 3744 Angliae
547 3661 656 3743 Hugo
674 3661 716 3725 de
739 3660 880 3726 Nevilla
901 3668 936 3725 et
952 3661 1100 3726 Brienus
1113 3631 1224 3672 οἵω

154 3766 196 3830 de
222 3763 344 3841 Insula
366 3782 443 3826 cum
473 3762 550 3826 aliis
574 3762 617 3825 ad
645 3762 710 3826 hoc
737 3762 922 3844 assignatis
945 3783 1006 3845 per
1027 3759 1100 3826 An·

153 3865 271 3948 gliam,
293 3862 388 3927 utin
411 3862 557 3944 singulis
577 3861 784 3926 forestarum
808 3863 994 3945 provinciis
1015 3861 1102 3943 duo·

153 3965 261 4030 decim
285 3964 425 4040 militeS,
448 3963 503 4028 vel
528 3961 628 4025 liberi
652 3961 807 4027 homines
828 3969 863 4025 et
883 3962 1025 4044 legales,
1041 3961 1103 4025 eli-

185 4140 330 4208 ¹Gaptua.]
360 4142 402 4190 He
422 4154 477 4189 was
496 4140 574 4188 taken
592 4141 618 4188 in
643 4141 717 4188 letter
728 4137 757 4187 ol
770 4139 812 4187 the
831 4134 919 4201 pope's
936 4140 1037 4203 legate3
1054 4140 1108 4202 Ry-

153 4214 305 4277 Burgundy,
322 4227 352 4263 as
369 4212 390 4261 it
400 4225 510 4272 appears
527 4209 590 4260 from
603 4225 619 4260 a
645 4226 708 4273 mer,
719 4210 737 4260 i.
750 4226 777 4271 p.
790 4213 847 4258 176.
