2864 4866
349 415 414 478 136
604 432 738 479 nocnnr
762 433 808 478 ou
832 430 1039 480 wsnoovns

187 605 309 645 rev-¹2²⁶·
334 597 468 656 'omnes
499 593 744 669 incarceratos
773 599 809 655 et
831 591 1003 674 praecipue
1026 591 1168 655 comites
1196 589 1302 653 Flan-

350 692 508 756 drensem
540 692 754 756 Ferrandum
786 698 821 755 et
852 692 1105 755 Bononiensem
1133 690 1301 772 Reginal-

350 792 443 868 dum,
466 813 488 856 a
509 794 703 857 carceribus
728 792 878 870 liberari,
904 793 964 874 qui
987 793 1024 855 in
1041 791 1300 856 subversionem

349 892 547 957 libertatum
577 895 674 975 regni
698 893 774 977 jam
802 912 864 975 per
891 911 1001 956 annos
1029 891 1207 956 duodecim
1235 893 1300 954 sub

351 994 489 1058 arctiori
512 994 669 1058 custodia
689 993 725 1056 in
744 992 892 1058 vinculis
914 994 1132 1057 tenebantur.
1185 990 1302 1056 Petie-

350 1102 432 1159 runt
456 1095 598 1177 insuper
618 1094 758 1176 quidam
776 1109 893 1159 eorum
918 1100 1028 1157 terras
1050 1113 1132 1157 suas
1155 1093 1221 1156 sibi
1244 1113 1298 1156 re-

350 1194 460 1271 stitui,
482 1213 570 1277 quas
595 1202 694 1276 pater
713 1193 788 1278 ejus
812 1193 1017 1258 Lodowicus
1041 1201 1075 1258 et
1094 1212 1182 1259 avus
1203 1193 1298 1256 illius

351 1292 533 1377 Philippus
568 1295 677 1359 multo
700 1295 775 1379 jam
805 1301 958 1376 tempore
987 1293 1116 1377 injuste
1140 1293 1296 1357 detinue-

349 1402 429 1459 rant
446 1402 645 1478 occupatas
688 1394 870 1479 Adjiciunt
881 1395 998 1472 etiam,
1012 1394 1103 1477 quod
1121 1395 1235 1458 nullus
1254 1394 1297 1458 de

350 1514 456 1576 regno
472 1496 685 1560 Francorum
699 1496 817 1559 debuit
832 1496 877 1559 ab
893 1495 1009 1577 aliquo
1028 1494 1108 1579 jure
1128 1515 1193 1559 suo
1217 1514 1299 1577 spo·

349 1594 439 1673 liari,
456 1596 522 1660 nisi
534 1595 775 1680 perjudicium
790 1596 970 1660 duodecim
987 1597 1136 1678 parium,
1151 1615 1213 1660 nec
1231 1596 1296 1660 ali-

349 1696 426 1778 quis
447 1697 537 1760 bello
562 1697 683 1778 premi,
704 1697 771 1760 nisi
790 1696 886 1779 prins
911 1697 1133 1766 denuntietur
1153 1716 1215 1779 per
1232 1716 1294 1760 an-

350 1816 452 1876 num3
480 1806 527 1874 et,
549 1817 626 1861 cum
647 1797 721 1862 baec
736 1799 852 1862 omnia
867 1798 932 1861 sibi
951 1797 1079 1862 suerint
1101 1797 1295 1875 emendata,

349 1904 431 1961 tunc
442 1900 552 1980 primo
565 1898 608 1962 ad
622 1898 879 1963 coronationem
891 1918 960 1962 non
970 1898 1158 1963 tardabunt
1167 1898 1296 1963 venire.

349 1996 486 2080 Regina
502 2019 595 2077 vero,
613 1999 656 2062 de
673 1999 816 2063 consilio
829 1998 949 2081 legati,
966 2007 1122 2063 metuens
1139 2017 1182 2062 ne
1198 2018 1297 2063 mora

346 2099 534 2180 periculum
551 2107 700 2182 pareret,
723 2107 914 2164 convocato
934 2100 1032 2181 regni
1050 2100 1153 2177 clero,
1165 2110 1201 2163 et
1211 2118 1295 2182 pau-

347 2199 396 2262 cis
425 2219 469 2263 ex
487 2201 696 2282 proceribus
713 2219 800 2283 quos
818 2199 945 2264 babere
961 2207 1111 2283 poterat,
1133 2200 1215 2264 fecit
1229 2200 1296 2265 fili·

346 2319 404 2361 um
427 2318 540 2377 suum,
560 2319 704 2383 puerum
726 2299 858 2364 scilicet
879 2301 940 2364 vix
960 2299 1158 2379 decennem,
1182 2302 1217 2364 in
1244 2322 1294 2365 re-

346 2417 425 2479 gem
439 2400 494 2464 die
511 2400 622 2464 sancti
636 2399 787 2464 Andreae
804 2394 953 2484 apostoli
970 2402 1140 2468 coronari.
1190 2395 1296 2466 ¹Sub·

346 2505 529 2564 traxerunt
560 2501 760 2583 sequidem
791 2503 834 2565 ab
866 2500 932 2565 bac
968 2503 1190 2566 coronatione
1222 2503 1296 2566 dux

345 2598 567 2681 Burgundiae‚
599 2621 713 2665 comes
746 2601 959 2685 Campaniae,
991 2621 1107 2665 comes
1133 2601 1176 2666 de
1209 2602 1294 2681 Bar,

343 2718 458 2764 comes
475 2701 517 2764 de
534 2710 657 2765 sancto
675 2701 797 2778 Paulo,
821 2722 935 2767 comcs
951 2702 1154 2780 Britanniae,
1170 2711 1206 2767 et
1223 2703 1294 2767 sere

342 2819 473 2883 omneS,
493 2808 533 2865 ut
559 2802 711 2866 breviter
738 2801 885 2880 dicatur,
907 2803 1039 2868 nobiles
1062 2803 1107 2867 ad
1128 2822 1292 2867 coronam

341 2907 550 2982 spectantes,
584 2903 644 2985 qui
673 2921 749 2966 sese
780 2904 896 2985 potius
932 2910 1217 2986 praeparaverunt
1247 2904 1291 2971 ad

340 3020 506 3083 pugnarn,
522 3021 626 3086 quarn
641 3002 687 3065 ad
700 3003 796 3086 pacis
814 3010 849 3068 et
864 3002 1056 3068 concordiae
1074 3004 1254 3068 unitatem.

390 3101 471 3166 Rex
493 3110 610 3167 autem
628 3101 833 3185 Anglorum,
856 3104 1000 3167 audiens
1017 3103 1195 3167 dissidium
1210 3124 1291 3188 pro-

338 3221 452 3266 cerum
469 3204 724 3286 praedictorum,
742 3204 835 3268 misit
851 3195 894 3267 ad
909 3211 1027 3286 partes
1042 3205 1291 3269 transmarinas

339 3302 637 3386 archiepiscopum
661 3303 912 3368 Eboracensem
926 3304 1135 3380 Walterum,
1157 3312 1192 3369 et
1206 3305 1290 3370 Phi-

339 3403 469 3486 lippum
485 3404 527 3467 de
537 3403 706 3469 Albeneio
722 3404 878 3482 militem,
891 3424 968 3468 cum
984 3405 1061 3468 aliis
1079 3405 1288 3471 solemnibus

337 3502 475 3585 legatis
501 3505 544 3568 ad
577 3506 762 3586 optimates
796 3504 1032 3581 Normanniae,
1059 3503 1289 3586 Andegaviae,

337 3603 529 3668 Britanniae
559 3610 594 3667 et
618 3603 800 3681 Pictaviae,
825 3605 884 3687 qui
909 3606 975 3669 sibi
996 3606 1120 3689 subjici
1148 3605 1289 3689 dejure

335 3705 552 3781 tenebantur,
562 3704 744 3786 postulans
762 3725 839 3768 cum
851 3707 985 3787 magnis
1002 3705 1288 3788 promissionibus

368 3928 592 3994 ¹Snbtraserunt.]
618 3931 796 3991 Comperethe
823 3930 912 3980 sadors
926 3930 990 3979 from
1007 3930 1136 3992 England,
1147 3931 1287 3995 promising

333 4005 440 4050 account
447 4002 473 4050 in
482 4001 524 4049 the
532 4001 795 4050 ChronTuromRec.
821 4005 846 4050 to
858 4003 946 4062 bctray
957 4001 1000 4050 the
1011 4001 1132 4062 kingdom
1149 4002 1201 4051 into
1213 4002 1287 4052 Hen-

332 4072 379 4121 des
390 4070 461 4120 Hist.
475 4072 548 4121 xviii.
560 4087 586 4132 p.
600 4075 659 4130 3183
676 4071 762 4120 where
776 4073 796 4120 it
820 4066 870 4132 ry's
882 4071 972 4121 hands.
998 4071 1048 4119 For
1058 4071 1205 4122 documenta
1216 4088 1285 4136 upon

331 4144 354 4191 is
378 4141 472 4202 added,
494 4142 548 4191 that
566 4142 626 4203 they
644 4142 714 4204 daily
737 4141 795 4190 held
820 4140 890 4191 these
899 4142 1064 4205 proceedings
1076 4156 1119 4192 see
1128 4143 1232 4208 Rymer,
1240 4158 1285 4207 pp.

330 4213 544 4274 correspondence
556 4213 617 4262 with
635 4212 676 4262 the
696 4214 795 4262 ambas·
819 4215 877 4274 183,
893 4216 949 4264 184.
