2864 4866
419 411 557 460 rnosns
582 411 854 470 ursroruaauut
1048 395 1114 459 197

160 572 291 634 sanctae
316 568 481 648 civitatis,
503 571 634 635 reversi
656 578 738 635 sunt
757 589 820 652 per
842 569 998 634 diversas
1020 571 1112 633 orbis
1126 586 1249 628 1111119.

161 675 278 749 parles
314 669 351 733 in
381 670 539 752 regiones
575 690 670 748 suas,
703 669 885 735 laudantes
915 677 950 734 et
972 669 1113 735 benedi·

162 774 279 831 centes
306 768 420 833 Deum
449 768 486 832 in
513 771 683 846 omnibus,
706 770 767 853 qui
796 770 978 834 audierant
1005 776 1040 833 et
1062 770 1112 834 vi·

162 865 297 946 derant,
319 888 398 951 quae
422 868 505 936 fecit
524 870 694 935 Dominus
716 869 920 935 mirabiliter
942 877 978 934 et
998 876 1112 933 osten·

164 967 215 1032 dit
230 968 290 1031 eis.

210 1140 260 1206 Dr
275 1141 521 1210 reconciliatione
537 1153 649 1210 sancte
665 1144 805 1210 ciuitatis
821 1144 1020 1211 Hierusalem
1035 1153 1064 1210 or

484 1244 620 1311 uliorruu
636 1244 782 1311 locorum

215 1365 399 1448 Ingressus
423 1374 476 1433 est
496 1369 613 1451 igitur,
638 1377 678 1434 ut
699 1369 863 1447 diximus,
885 1376 1043 1435 sanctam
1065 1369 1113 1434 ci·
1126 1390 1267 1440 numurus

165 1465 309 1531 vitatem
329 1466 550 1533 Hierusalem
566 1470 739 1535 exercitus
755 1468 986 1546 Christianus,
1004 1477 1039 1534 et
1053 1489 1113 1552 pa·
1125 1441 1243 1532 filiii?

166 1565 317 1630 triarcha
346 1586 424 1631 cum
456 1569 626 1651 episcopis
654 1569 881 1651 suffraganeis
911 1543 1200 1634 mundifica-'m'

152 1667 218 1730 ”vit
239 1668 405 1751 templum
430 1668 573 1731 Domini
598 1676 634 1733 et
655 1669 836 1733 ecclesiam
863 1670 975 1732 sancti
1000 1670 1114 1752 sepul.

166 1765 249 1844 chri,
267 1775 466 1851 sanctaeque
483 1769 743 1833 resurrectionis
760 1769 926 1853 ejusdem,
941 1788 1020 1832 cum
1037 1769 1114 1833 aliis

166 1867 320 1930 ecclesiis
343 1868 595 1932 venerabilibus
618 1869 793 1944 civitatis;
818 1869 996 1932 abluentes
1015 1869 1115 1951 pavi·

166 1974 318 2031 mentum
345 1973 382 2032 et
402 1969 552 2050 parietes
578 1987 671 2050 aqua
699 1967 892 2044 benedicta,
914 1976 950 2032 et
971 1975 1114 2049 agentes

166 2067 402 2150 processiones
425 2067 462 2131 in
483 2067 621 2150 hymnis
644 2074 680 2132 et
697 2068 854 2145 canticis,
870 2067 1115 2132 reconciliave-

166 2175 247 2231 runt
264 2167 342 2231 Deo
359 2167 437 2231 loca
452 2167 615 2232 universa
637 2167 810 2231 dinturnis
830 2167 1017 2231 infidelium
1041 2187 1115 2231 sor-

167 2267 268 2338 dibus
295 2267 538 2352 prophanata;
561 2287 681 2333 verum
712 2266 878 2350 quamdiu
913 2268 1115 2352 imperator,

169 2368 228 2450 qui
254 2368 573 2433 excommunicatus
596 2367 722 2456 fuerat,
750 2367 843 2432 intra
868 2367 962 2431 urbis
986 2368 1116 2432 moenia

168 2487 299 2532 moram
328 2467 423 2546 lecit,
449 2467 564 2533 nullus
591 2467 813 2550 praelatorum
841 2467 876 2532 in
906 2485 949 2531 ea
976 2467 1116 2530 missam

168 2568 341 2632 celebrare
351 2568 583 2651 praesumpsit.
601 2631 604 2635 ,
619 2567 791 2651 Magister
800 2574 915 2631 tamen
924 2566 1117 2644 Walterns,

168 2668 276 2732 frater
289 2668 430 2751 qnidam
452 2668 495 2732 de
520 2667 639 2732 ordine
662 2667 946 2743 Praedicatorum,
963 2668 1015 2730 vir
1037 2667 1116 2730 reli·

168 2768 299 2851 giosus,
315 2767 480 2852 providus
499 2787 540 2832 ac
560 2767 741 2844 discretus,
756 2768 816 2850 qui
836 2787 859 2830 a
873 2766 1011 2830 domino
1027 2785 1118 2848 papa

168 2867 316 2932 officium
330 2868 585 2950 praedicationis
598 2868 634 2931 in
647 2868 802 2932 exercitu
815 2865 946 2930 Christi
959 2885 1118 2947 suscepe-

168 2976 236 3045 rat,
251 2967 344 3051 quod
360 2969 469 3032 multo
482 2968 557 3053 jam
571 2976 724 3050 tempore
740 2966 887 3030 feliciter
902 2965 1118 3048 impleverat,

168 3067 356 3132 celebravit
367 3067 486 3133 divina
501 3070 537 3132 in
552 3066 706 3133 ecelesiis
722 3065 940 3142 suburbanis,
954 3063 1044 3128 unde
1062 3063 1119 3127 dc-

168 3169 343 3233 votionem
369 3168 520 3233 fidelium
546 3167 731 3250 plurimum
752 3165 931 3230 excitavit.
983 3162 1119 3227 Deinde

161 3262 324 3351 'praelatis
354 3268 513 3350 singulis
540 3276 610 3332 tam
640 3267 829 3331 minoribus
854 3283 959 3349 quam
980 3262 1118 3346 majori-

171 3370 246 3445 bus,
261 3387 302 3432 ac
315 3368 398 3432 viris
414 3369 597 3450 religiosis,
612 3365 765 3431 ecclesiis
783 3366 855 3429 suis
870 3365 935 3428 sibi
949 3363 1119 3427 restitutis

172 3476 207 3533 et
229 3467 504 3550 possessionibus
538 3467 704 3551 antiquis,
731 3465 960 3547 gaudentibus
986 3462 1119 3526 cunctis

170 3586 275 3650 super
292 3566 391 3631 donis
411 3567 619 3644 caelestibus,
642 3585 719 3650 quae
744 3572 871 3648 praeter
892 3583 988 3645 spem
1012 3562 1121 3625 omni·

171 3687 229 3735 um
255 3666 465 3745 acciderant,
490 3666 714 3732 intenderunt
733 3665 942 3730 unanimiter
962 3682 1039 3726 cum
1059 3681 1119 3744 pe·

171 3766 319 3850 regrinis
340 3769 498 3831 omnibus
519 3766 564 3831 ad
583 3766 883 3831 reaedificationem
905 3762 1068 3840 civitatis,
1085 3768 1121 3824 et

172 3886 288 3936 muros
306 3886 384 3931 cum
403 3866 557 3944 fossatis,
576 3874 757 3949 turresque
779 3885 856 3929 cum
876 3880 1119 3947 propugnacu-

172 3968 228 4045 lis,
244 3967 381 4048 magnis
402 3967 598 4050 sumptibus
624 3986 665 4029 ac
689 3965 853 4031 studiosis
873 3962 1047 4027 laboribus
1069 3980 1122 4023 re-

171 4075 359 4151 parantes3
387 4087 451 4131 nec
478 4066 590 4131 solum
617 4073 697 4129 acta
728 4071 809 4130 sunt
828 4064 902 4127 haec
924 4063 959 4124 in
982 4059 1123 4124 civitate

172 4173 296 4232 sancta
313 4165 548 4246 Hierusalem,
567 4166 627 4231 sed
646 4173 681 4259 et
698 4166 735 4229 in
752 4165 909 4230 omnibus
925 4161 1124 4227 civitatibus
