2864 4866
358 391 425 457 318
615 407 748 457 uoennr
773 407 820 454 nn
839 407 1053 457 wnnnounn

200 586 256 626 nn.
267 588 323 627 nu.
360 569 526 633 ministris
540 569 613 632 suis
629 588 670 632 ac
683 569 899 652 praepositis,
913 576 953 634 ut
967 569 1145 633 traderent
1158 569 1313 634 frumen-

200 639 293 687 legend.

360 676 433 733 tum
449 677 548 734 vetus
567 669 706 733 rusticis
729 670 773 733 de
792 670 953 733 maneriis
977 670 1061 746 sule,
1085 669 1145 752 qui
1171 690 1235 753 pro
1254 690 1312 735 ve-

359 769 425 833 teri
440 788 568 834 novum
581 769 648 833 sibi
661 768 843 833 redderent
857 776 937 852 post
954 777 1169 834 autumnum.
1219 768 1314 834 Con-

360 868 441 949 tigit
456 888 635 950 ergo-cum
657 868 865 951 proepositus
883 867 1038 951 ejusdem
1062 868 1313 952 archiepiscopi

359 967 395 1030 in
410 967 493 1032 villa
509 968 552 1031 de
574 968 694 1050 Ripun
712 968 853 1031 bladum
872 969 1044 1044 circuiret,
1065 975 1165 1032 extra
1188 967 1314 1032 horrea

359 1067 509 1148 positum
535 1067 619 1131 illud
649 1068 839 1144 trituraret,
866 1074 1102 1149 apparuerunt
1129 1067 1258 1150 ubique
1274 1070 1312 1131 in

359 1167 476 1246 garbis
489 1167 605 1249 capita
622 1166 803 1240 vermium,
821 1167 1032 1248 serpentium
1050 1167 1194 1243 seilicet,
1216 1169 1310 1231 colu-

359 1266 510 1342 brorum,
519 1274 555 1331 et
563 1265 728 1330 bufonum
739 1266 960 1343 terribilium3
979 1266 1071 1329 unde
1082 1266 1243 1344 ministri,
1253 1268 1312 1349 qui

359 1385 436 1428 cum
454 1367 641 1448 praeposito
660 1365 704 1428 ad
726 1365 791 1429 hoo
812 1365 1050 1448 spectaculum
1067 1362 1313 1444 convenerant,

360 1464 532 1545 fugientes
557 1466 746 1529 timuerunt
770 1484 815 1527 ne
842 1483 865 1527 a
890 1464 1065 1529 vermibus
1089 1464 1311 1531 laederentur.

361 1562 518 1646 Cumque
543 1563 755 1628 haecomnia
780 1564 1039 1647 archiepiscopo
1069 1564 1208 1628 fuerant
1229 1564 1312 1628 inti.

360 1668 466 1739 mata,
489 1663 583 1726 misit
601 1662 810 1728 senescallos
834 1682 916 1727 suos
946 1663 1053 1727 nimio
1074 1663 1200 1727 rubore
1229 1684 1312 1728 con-

360 1761 469 1840 lusuS,
482 1772 523 1826 ut
538 1762 706 1839 viderent,
723 1762 806 1844 quid
822 1763 936 1827 iacere
949 1781 1038 1846 opus
1053 1769 1158 1827 esset.
1192 1761 1244 1827 At
1261 1763 1312 1827 illi

360 1862 536 1927 venientes
550 1862 595 1925 ad
609 1863 734 1937 locum,
746 1882 815 1926 non
833 1864 995 1927 obstante
1011 1864 1178 1927 vermium
1193 1863 1312 1927 multi·

359 1962 491 2039 tudine,
509 1962 622 2026 scalas
637 1963 902 2045 applicaverunt
915 1962 959 2025 ad
970 1962 1133 2039 bladum,
1156 1969 1192 2028 et
1208 1963 1313 2026 rusti-

360 2080 419 2124 cos
434 2061 601 2143 quosdam
616 2061 923 2144 compulerunt,ut
939 2062 1221 2126 ascenderentet
1240 2063 1312 2126 fru-

360 2168 512 2224 mentum
539 2161 769 2242 detegerent3
803 2162 863 2244 qui
892 2180 971 2225 cum
1001 2162 1046 2225 ad
1075 2163 1311 2234 summitatem

360 2261 746 2341 pervenissent-exivit
769 2260 812 2323 de
837 2260 940 2324 blado
965 2260 1080 2324 fumus
1105 2262 1313 2343 nigerrimus

363 2367 398 2423 et
420 2360 524 2424 foetor
543 2360 682 2442 quidam
704 2359 881 2423 infernalis
902 2367 937 2423 et
958 2360 1199 2437 intolerabilis,
1219 2361 1312 2425 unde

362 2477 439 2521 cum
455 2459 675 2524 festinatione
690 2457 950 2535 descendentes,
967 2466 1006 2523 ut
1016 2460 1205 2542 periculum
1220 2480 1313 2524 mor-

363 2559 409 2621 tis
431 2557 630 2636 evaderent,
652 2559 827 2624 testificati
849 2566 932 2623 sunt
950 2578 988 2622 se
1010 2579 1187 2642 nunquam
1209 2567 1314 2624 antea

363 2659 469 2721 talem
489 2658 639 2720 sensisse
660 2658 841 2739 foetorem3
867 2678 986 2723 vocem
1008 2659 1111 2722 etiam
1129 2660 1315 2723 audierunt

364 2758 429 2821 sibi
446 2755 629 2835 dicentem,
651 2777 694 2821 ne
716 2759 761 2822 ad
782 2758 922 2823 bladum
944 2778 1066 2822 manus
1083 2770 1314 2842 apponerent,

364 2859 447 2940 quia
471 2857 752 2940 archiepiscopus
772 2866 814 2922 et*
825 2858 943 2923 omnia
964 2877 1043 2941 quae
1063 2858 1216 2922 babebat
1236 2859 1313 2924 dia·

363 2958 434 3021 boli
456 2958 629 3039 possessio
651 2964 739 3021 erat.
795 2958 928 3023 Videns
950 2966 1066 3022 autem
1089 2957 1314 3038 senescallus,

363 3066 399 3122 et
427 3057 486 3120 alii
515 3057 676 3139 quicum
704 3058 765 3121 illo
791 3065 903 3133 erant,
928 3077 972 3121 ex
999 3059 1168 3122 vermium
1185 3059 1314 3123 multi·

363 3157 482 3221 tudine
504 3176 612 3238 grave
638 3157 827 3240 periculum
850 3157 1040 3235 imminere,
1062 3158 1218 3222 fecerunt
1239 3178 1315 3222 mu-

363 3277 437 3319 rum
462 3257 571 3320 altum
593 3257 630 3320 in
655 3257 801 3321 circuitu
819 3256 925 3321 bladi
949 3257 1110 3322 diabolici
1136 3265 1171 3321 et
1196 3258 1313 3340 igne·

363 3357 565 3420 adhibentes
596 3357 632 3419 in
660 3375 784 3440 gyrum
814 3356 932 3420 omnia
963 3357 1238 3436 combusserunt,
1272 3378 1315 3422 ne

362 3475 496 3520 vermes
511 3463 679 3521 exeuntes
693 3463 803 3521 totam
817 3455 995 3520 inficerent
1010 3457 1198 3539 regionem.

404 3631 485 3693 Item
498 3629 688 3704 miraculum
701 3629 898 3708 dopooorltio
915 3630 1077 3715 eujusdam
1087 3612 1272 3716 presbyteri.

218 3795 256 3824 Η
286 3812 292 3823 ,
412 3753 499 3817 Erat
514 3754 552 3816 in
572 3754 691 3818 eadem
716 3755 927 3819 Eboracensi
948 3756 1129 3839 provincia
1152 3758 1315 3823 sacerdos

362 3853 500 3934 quidam
527 3861 562 3917 et
577 3854 728 3919 vicarius
745 3855 843 3919 dives
860 3855 962 3919 valde
985 3863 1020 3919 et
1033 3856 1069 3919 in
1091 3855 1204 3921 officio
1225 3877 1315 3940 prae-

361 3952 544 4017 dicationis
561 3962 692 4018 sanctae
709 3974 869 4037 magnus,
887 3956 948 4019 sed
964 3963 1080 4031 tamen
1100 3975 1240 4034 avarus,
1254 3959 1315 4040 qui

360 4052 397 4116 in
417 4053 483 4116 hac
505 4058 628 4116 aestate
652 4055 846 4119 mortaliter
864 4054 1104 4120 infirmabatur
1123 4056 1315 4127 secundum

355 4151 524 4236 judicium
541 4155 763 4235 praesentium
778 4155 1000 4221 medicorum.
1054 4155 1236 4222 Venerunt
1252 4177 1316 4223 au-
