2864 4866
124 587 151 626 Δ
153 585 181 626 D.
192 584 248 624 1²16.

126 638 226 685 Progrerr
235 633 259 673 ot

125 689 162 726 the
172 695 243 725 crura·

127 738 182 778 dere

286 395 308 459 8
491 391 492 394 ’
543 407 677 455 noonru
703 408 748 454 nr
774 407 979 455 wanoovsa

289 568 347 647 tis,
362 574 605 651 processerunt
620 566 738 630 fideles
760 587 823 650 per
837 566 980 649 planum
1003 566 1109 630 Fabae
1130 585 1240 649 usque

291 668 336 733 ad
364 667 494 732 sontem
517 667 724 744 Tubanniae,
755 687 796 731 eo
821 666 876 730 die
904 666 1052 730 multum
1078 667 1240 730 laboran-

293 776 374 849 tes3
406 774 454 847 et,
479 768 667 851 praemissis
699 767 974 849 explorantibus,
1008 766 1164 831 videntes
1196 768 1241 830 ab

293 868 500 934 adversariis
533 867 700 932 concitari
730 867 919 951 pulverem,
951 867 1075 930 incerti
1102 866 1242 932 fuerunt

294 976 410 1033 utrum
424 975 546 1033 contra
562 986 638 1045 nos,
651 985 696 1031 an
713 967 890 1050 fugiendo,
904 973 1140 1049 properarent.
1181 967 1243 1031 Se-

294 1069 414 1151 quenti
435 1068 491 1132 die
518 1087 580 1151 per
603 1074 738 1132 montes
763 1067 908 1145 Gelboe,
935 1086 1023 1150 quos
1047 1067 1243 1131 habuerunt

295 1168 339 1231 ad
364 1168 523 1232 dextram
553 1175 588 1232 et
612 1168 772 1251 paludem
804 1167 847 1230 ad
879 1167 1066 1243 sinistram,
1097 1167 1243 1248 profecti

295 1275 377 1331 sunt
394 1268 620 1345 Bethsanam,
642 1269 701 1332 ubi
726 1267 945 1332 adversarius
969 1274 1088 1331 noster
1112 1274 1245 1331 castra·

263 1454 264 1458 Ἰ
295 1375 446 1432 metatus
472 1375 550 1448 est;
583 1367 655 1445 sed,
683 1374 840 1432 metuens
868 1367 1056 1432 adventum
1083 1375 1155 1430 tam
1185 1387 1243 1432 co·

296 1467 386 1551 piosi
423 1468 490 1532 Dei
519 1467 669 1532 viventis
708 1468 881 1532 exereitus
915 1473 950 1530 et
980 1473 1051 1530 tam
1085 1466 1243 1532 ordinate

296 1567 526 1651 procedentis,
554 1567 705 1632 tentoria
732 1569 858 1632 tollens
887 1573 922 1631 et
951 1568 1087 1649 fugiens
1118 1573 1244 1631 terram

298 1668 465 1731 militibus
498 1666 628 1732 Christi
660 1668 864 1732 vastandam
898 1667 1049 1749 reliquit,
1084 1666 1173 1730 unde
1208 1669 1245 1731 in

298 1766 419 1849 vigilia
457 1768 570 1833 sancti
613 1767 757 1831 Martini
794 1766 817 1831 J
820 1767 984 1832 ordanem
1026 1774 1245 1831 transeuntes

299 1886 446 1950 corpora
472 1887 537 1931 sua
562 1868 723 1932 laverunt
745 1868 781 1930 in
808 1887 850 1931 eo
877 1867 1009 1944 fideles,
1043 1873 1078 1930 et
1104 1867 1246 1948 pacifice

298 1968 504 2048 quieverunt
525 1967 650 2032 ibidem
673 1987 735 2050 per
761 1967 903 2032 biduum
926 1966 1127 2031 victualium
1150 1969 1246 2050 copi-

299 2086 355 2131 am
372 2068 594 2150 reperientes.
648 2067 783 2131 Deinde
803 2087 907 2150 super
928 2067 1027 2131 littus
1050 2067 1155 2130 maris
1172 2067 1246 2132 Ga·

298 2167 389 2230 lileee
412 2174 482 2231 tres
506 2166 663 2231 fecerunt
684 2169 893 2245 mansiones,
919 2173 1144 2249 peragrantes
1169 2168 1246 2233 loca

299 2266 336 2329 in
356 2267 481 2348 quibus
500 2267 662 2332 Salvator
683 2274 801 2331 noster
821 2267 992 2330 mirabilia
1011 2267 1147 2349 operari
1169 2268 1245 2350 dig-

300 2373 403 2429 natus
434 2372 499 2443 est,
530 2367 701 2449 corporali
728 2368 916 2449 praesentia
946 2386 1024 2430 cum
1050 2367 1246 2432 hominibus

300 2472 536 2529 conversatus
575 2464 800 2550 Aspexerunt
816 2467 1052 2544 Bethsaidam,
1070 2467 1245 2533 civitatem

300 2563 451 2629 Andreae
467 2572 502 2629 et
519 2564 628 2644 Petri,
649 2572 732 2630 tunc
748 2566 791 2630 ad
806 2567 977 2631 modicum
999 2567 1113 2630 casale
1129 2568 1246 2633 redac-

301 2672 373 2728 tum
391 2685 416 2744 3*
434 2665 595 2730 viderunt
622 2667 727 2730 etiam
757 2666 836 2730 loca
865 2667 925 2730 ubi
956 2665 1116 2731 Christus
1146 2667 1248 2732 disci-

300 2765 402 2847 pulos
423 2767 575 2843 vocavit,
597 2785 704 2849 supra
726 2786 819 2830 marc
840 2767 940 2831 siccis
961 2766 1107 2849 pedibus
1127 2769 1246 2831 ambu-

290 2864 399 2941 ·lavit,
421 2866 457 2928 in
482 2865 618 2930 deserto
640 2867 760 2930 turbas
780 2867 890 2948 pavit,
911 2874 1063 2930 montem
1087 2875 1248 2932 oraturus

301 2964 469 3042 ascendit,
498 2971 533 3029 et
563 2966 622 3029 ubi
649 2972 730 3048 post
756 2967 1041 3030 resurrectionem
1070 2987 1147 3031 cum
1179 2968 1249 3032 dis-

301 3063 425 3147 cipulis
455 3065 704 3145 manducavit;
747 3073 783 3130 et
818 3066 868 3130 sic
902 3087 963 3150 per
1002 3065 1246 3151 capharnaum

300 3160 425 3228 Achon
448 3167 577 3229 reversi
605 3173 699 3243 sunt,
725 3165 877 3231 infirmos
908 3185 990 3231 suos
1020 3176 1248 3251 reportantes.

301 3263 557 3329 Deindealiam
579 3267 826 3348 equitationem
845 3267 1002 3348 aggressi
1019 3267 1137 3332 fideles
1160 3289 1250 3351 prae-

301 3363 384 3428 dicti
407 3374 635 3446 perrexerunt
650 3365 694 3429 ad
717 3373 869 3430 montem
886 3366 1038 3443 Thabor,
1062 3368 1121 3430 ubi
1139 3370 1249 3448 primo

302 3476 469 3546 aquarum
497 3465 663 3545 inopiam,
691 3470 726 3528 et
748 3464 968 3546 postmodum
996 3484 1058 3545 per
1083 3465 1249 3529 defossio-

300 3581 379 3626 nem
413 3561 557 3644 copiam,
596 3570 822 3646 repererunt;
866 3562 1096 3646 desperabant
1133 3573 1248 3630 autem

301 3662 474 3744 capitanei
506 3663 680 3727 exercitus
716 3663 758 3726 de
792 3681 938 3727 ascensu
968 3665 1107 3744 montis,
1140 3665 1248 3731 donec

301 3760 431 3826 dictum
458 3768 511 3825 est
529 3763 591 3840 eis,
615 3770 768 3827 castrum
791 3764 865 3827 fore
888 3764 1207 3847 comprehensibile,
1228 3789 1249 3832 a

299 3881 408 3944 puero
434 3860 618 3928 Saraceno.
686 3861 876 3927 Consilium
909 3885 992 3947 ergo
1023 3865 1185 3945 inierunt,
1214 3875 1249 3932 et

301 3956 485 4027 Dominica
504 3963 616 4045 prima
638 3961 831 4042 Adventus,
855 3984 933 4028 cum
952 3966 1125 4048 legeretur
1144 3987 1250 4031 evan-

300 4061 428 4146 gelium
452 4062 531 4126 ‘Ite
558 4063 595 4125 in
619 4063 799 4128 castellum
824 4065 916 4147 quod
943 4071 1065 4128 contra
1086 4086 1149 4130 vos
1174 4068 1250 4145 est,'

299 4162 496 4244 patriarcha
516 4165 694 4246 praecessit
716 4184 793 4228 eum
814 4166 915 4248 signo
936 4165 1059 4242 crucis,
1079 4166 1250 4250 episcopis
