2864 4866
393 415 530 464 raonns
556 415 826 469 ursronrnnun.
1017 402 1083 468 239

134 583 170 640 et
200 576 237 639 in
262 575 353 639 hunc
382 575 519 640 modum
549 576 711 639 recedens
736 595 799 639 rex
825 575 869 638 ud
898 578 1082 640 terminum
1096 595 1219 656 nonan.

135 685 335 758 treugarum
363 677 549 758 resumptis
570 677 700 741 viribus
728 675 967 759 thesaurisque
997 678 1083 741 mul·
1096 646 1217 737 illidii

136 777 303 860 tiplicatis
332 777 443 841 redire
465 777 648 859 disposuit,
674 776 804 840 relictis
836 797 942 859 regno
972 785 1007 843 et
1030 799 1083 841 re-

134 879 200 941 bus
232 878 404 954 omnibus,
432 877 556 960 quihus
585 876 828 941 dominabatur
856 878 893 940 in
925 879 1082 960 partibus

137 977 337 1054 occidentis,
361 985 400 1042 ut
425 978 462 1040 in
487 983 610 1041 sancta
633 977 775 1043 civitate
804 976 1026 1042 Hierusalem
1046 979 1082 1042 in

135 1097 252 1159 regem
282 1085 468 1142 coronatus
497 1077 620 1161 praelia
647 1078 776 1142 domini
808 1078 961 1143 Sabaoth
993 1099 1082 1161 pree-

135 1178 278 1242 liaretur
306 1187 341 1244 et
363 1179 503 1260 agmina
530 1178 680 1262 praeiret,
711 1186 746 1243 et
772 1180 884 1242 crucis
915 1180 1084 1255 inimicos,

136 1277 218 1341 dum
240 1278 385 1355 viveret,
413 1279 610 1343 debellaret.
681 1277 748 1342 Sed
779 1277 920 1342 humaui
948 1281 1084 1360 generis

136 1379 306 1455 inimicus,
334 1380 394 1462 qui
423 1380 523 1443 bonis
546 1398 681 1460 semper
704 1379 864 1460 operibus
891 1379 1023 1444 invidet
1050 1386 1085 1444 et

137 1480 424 1563 prosperitatibus
446 1478 566 1561 populi
585 1478 784 1556 Christiani,
810 1479 979 1544 excitavit
1004 1500 1086 1544 con·

138 1587 193 1644 tra
214 1600 330 1662 regem
358 1579 520 1644 devotum
550 1579 672 1643 ducem
693 1578 849 1644 Austriae
877 1587 912 1643 ot
935 1580 1084 1663 impera-

138 1687 248 1744 torem
275 1680 485 1757 Romanum,
509 1679 568 1762 qui
588 1679 639 1742 illi
663 1680 850 1744 revertenti
875 1688 1086 1762 paraverunt

137 1780 302 1859 insidias;
335 1769 459 1862 captus
483 1787 536 1845 est
559 1781 603 1843 ab
628 1779 797 1855 hostibus,
827 1787 873 1856 et,
900 1781 997 1844 velut
1022 1781 1085 1844 hos
1100 1836 1104 1840 .,

140 1888 231 1945 esset
259 1880 315 1945 vel
344 1881 474 1958 asinus,
505 1880 666 1944 venditus
698 1886 752 1943 est
780 1881 980 1962 imperatori
1012 1879 1085 1944 Ro·

137 2001 251 2046 mano.
303 1979 544 2045 Incarcoratus
569 1988 697 2058 autem,
725 1988 760 2044 et
782 1999 881 2044 secus
903 1999 1008 2064 quam
1025 1979 1085 2043 de·

137 2089 231 2146 ceret
250 2087 387 2146 tantum
409 2082 521 2147 virum
548 2080 720 2144 malitiose
740 2087 923 2157 tractatus,
945 2080 989 2144 ad
1007 2080 1086 2144 red·

137 2183 345 2265 emptionem
378 2182 619 2264 gravissimam
649 2188 703 2245 est
730 2181 939 2262 compulsus
1006 2179 1087 2244 Rex

137 2291 306 2366 praeterea
326 2283 551 2358 Francorum,
568 2280 744 2362 magnifici
765 2281 857 2362 regis
879 2280 974 2364 pium
996 2301 1086 2364 prae-

138 2383 279 2465 pediens
310 2383 538 2466 propositum,
569 2390 680 2446 terras
710 2381 798 2463 ejus,
827 2380 908 2444 dum
934 2390 1026 2446 esset
1050 2383 1085 2445 in

139 2483 281 2548 servitio
298 2483 421 2559 crucis,
436 2482 583 2561 invasit3
607 2489 642 2545 et
664 2481 714 2544 sic
736 2481 888 2564 undique
910 2483 954 2545 ah
974 2483 1087 2546 inimi-

140 2584 189 2647 cis
206 2588 405 2665 praeventus
421 2581 636 2665 martyrium,
654 2581 745 2664 quod
762 2581 912 2646 nondum
928 2601 1088 2664 suscepe-

141 2690 195 2747 rat
207 2684 244 2746 in
257 2702 410 2765 corpore,
426 2682 516 2745 sieut
532 2689 770 2764 proposuerat,
785 2683 821 2744 in
836 2689 929 2746 terra
941 2682 1087 2765 promis·

140 2784 258 2860 sionis,
281 2777 439 2847 servavit
450 2783 485 2845 in
509 2789 634 2860 mente,
658 2783 717 2864 qui
739 2781 945 2846 desiderium
967 2782 1088 2845 hahuit

140 2880 334 2948 revertendi
354 2890 389 2947 et
409 2882 495 2946 mori
513 2882 549 2945 in
567 2883 732 2964 obsequio
755 2883 877 2945 crucis.
930 2879 1088 2945 Accessit

141 2985 184 3048 ad
211 2982 385 3048 cumulum
413 2982 525 3046 adhuc
551 2982 781 3046 tentationum
806 2980 960 3065 ejusdem
983 2981 1088 3064 regis,

140 3084 244 3168 quod,
263 3083 345 3146 dum
358 3089 450 3148 esset
461 3082 497 3145 in
509 3082 676 3166 obsequio
692 3084 813 3158 crucis,
825 3100 939 3145 comes
955 3080 979 3145 J
982 3081 1087 3144 ohan-

140 3203 211 3262 nes,
233 3183 342 3248 frater
363 3184 450 3268 ejus,
473 3183 680 3248 moliebatur
700 3181 866 3263 Angliam
888 3182 1088 3264 subjugare,

140 3284 284 3350 castella
301 3283 460 3367 quaedam
476 3283 665 3347 obsidendo
680 3289 715 3346 et
727 3282 827 3345 fratri
848 3301 912 3345 suo
927 3301 1088 3363 guerram

140 3385 323 3461 movendo,
352 3385 412 3448 sed
440 3383 607 3448 laudabili
628 3381 794 3447 fidelitate
816 3381 930 3463 gentis
953 3379 1088 3462 Anglo·

139 3506 213 3549 rum
233 3485 448 3568 propositum
468 3484 562 3548 illius
584 3483 746 3547 frivolum
769 3482 904 3545 exstitit
925 3487 960 3545 et
978 3481 1088 3544 inani·

140 3594 193 3650 ter
219 3591 441 3649 attentatum.
494 3584 525 3648 Ο
556 3582 760 3647 admiranda
789 3580 965 3663 magnifici
995 3583 1089 3662 regis

139 3686 357 3751 constantia!
397 3704 473 3768 quae
503 3702 680 3766 nunquam
710 3684 746 3746 in
785 3680 939 3747 adversis
973 3683 1089 3764 potuit

138 3786 265 3866 frangi,
283 3785 373 3849 sicut
394 3803 457 3849 nec
479 3785 515 3846 in
537 3783 711 3866 prosperis
733 3783 867 3859 extolli,
891 3781 950 3845 sed
981 3782 1087 3845 omui-

139 3889 204 3951 bus
227 3903 363 3967 semper
384 3884 527 3948 hilarem
554 3883 720 3947 exhibens
748 3883 883 3948 vultum
912 3901 1089 3965 nunquam

139 3988 174 4051 in
192 4005 273 4068 rege
290 3985 453 4068 apparuit
466 3983 663 4048 diffidentiae
681 3985 829 4065 signum.
876 3981 966 4046 Haec
984 3988 1019 4045 et
1035 3981 1088 4045 his

139 4086 266 4151 similia
287 4087 454 4150 virtutum
482 4104 587 4168 opera
620 4104 736 4166 regem
762 4091 918 4147 nostrum
944 4081 1090 4146 Richar-

139 4188 220 4251 dum
243 4205 358 4251 coram
384 4206 517 4250 summo
540 4187 617 4250 Deo
639 4184 858 4248 reddiderant
888 4181 1089 4264 gloriosum,
