2864 4866
357 414 421 482 100
612 434 746 483 uocum
769 434 817 481 nn
840 434 1047 483 wunoovun

198 603 322 646 A·D·¹²2⁵·
359 593 536 658 mobilium
563 595 671 659 totius
707 594 805 677 regni
832 592 971 676 Angliae
1000 599 1072 657 tam
1104 611 1126 654 a
1154 590 1312 672 personis

361 694 603 759 ecclesiasticis
629 714 733 778 quam
759 715 781 758 a
807 695 905 759 laicis
931 694 1127 759 donaretur.
1182 690 1251 755 His
1275 691 1312 754 in

362 793 454 858 hunc
480 795 619 860 modum
641 796 844 879 prosecutis,
867 794 1145 878 archiepiscopus
1172 798 1207 855 et
1230 811 1314 855 con-

363 896 416 958 cio
437 902 512 959 tota
534 896 784 979 episcoporum,
801 897 978 972 comitum,
1000 896 1181 969 baronum,
1205 892 1312 955 abba-

365 1002 438 1059 tum
455 1003 491 1059 et
506 996 671 1079 priorum,
687 997 805 1061 habita
822 995 1080 1072 deliberatione,
1098 993 1172 1076 regi
1189 991 1313 1056 dedere

364 1114 578 1177 responsum,
617 1097 709 1180 quod
739 1098 831 1178 regis
873 1096 1098 1180 petitionibus
1133 1099 1316 1175 gratanter

365 1191 656 1277 adquiescerent‚¹
675 1198 706 1260 si
724 1197 794 1260 illis
812 1196 870 1260 diu
890 1197 1018 1279 petitas
1036 1196 1213 1259 libertates
1233 1213 1317 1257 con-

366 1295 486 1358 cedere
508 1296 686 1361 voluissct.
739 1296 873 1361 Annuit
892 1297 1010 1380 itaque
1036 1315 1100 1362 rex
1124 1292 1315 1377 cupiditate

366 1387 491 1458 ductus
509 1395 600 1480 quod
623 1397 787 1479 petebant
805 1404 997 1479 magnateS,
1019 1396 1216 1477 chartisque
1234 1414 1316 1477 pro-

366 1495 462 1560 tinus
479 1497 684 1580 conscriptis
704 1504 739 1560 et
754 1498 846 1578 regis
868 1497 983 1580 sigillo
1005 1497 1159 1572 munitis,
1177 1494 1221 1559 ad
1245 1494 1317 1558 sin-

367 1595 469 1676 gulos
482 1595 622 1679 Angliae
638 1597 822 1661 comitatus
835 1591 981 1662 ²cbartae
999 1596 1146 1678 singulae
1163 1595 1315 1676 dirigun-

368 1703 436 1772 tur,
463 1696 559 1761 etad
585 1698 781 1779 provincias
804 1698 895 1775 illas,
914 1717 992 1781 quae
1013 1698 1050 1762 in
1072 1697 1210 1760 forestis
1234 1703 1315 1759 sunt

367 1796 579 1875 constitutae,
609 1797 686 1862 duae
714 1798 843 1863 chartae
871 1805 952 1862 sunt
980 1798 1132 1875 directae,
1153 1816 1224 1861 una
1249 1797 1317 1860 sci-

368 1898 449 1961 licet
476 1897 519 1962 de
553 1899 771 1963 libertatibus
801 1899 1039 1963 communibus
1068 1905 1104 1962 et
1132 1897 1243 1961 altera
1274 1896 1316 1960 do

367 1997 585 2063 libertatibus
606 1998 767 2079 forestae3
797 2001 941 2064 istarum
965 2007 1081 2063 autem
1100 2005 1199 2061 tenor
1220 1998 1317 2061 cbar-

369 2106 483 2162 tarum
513 2101 672 2182 superius
697 2099 844 2165 habetur
867 2101 1066 2183 expressius
1089 2099 1148 2162 ubi
1173 2097 1319 2162 historia

369 2199 487 2280 agitur
509 2199 552 2264 de
572 2220 653 2281 rege
677 2198 700 2263 J
703 2200 850 2278 ohanne,
876 2202 927 2264 ita
952 2201 1045 2284 quod
1069 2199 1199 2263 chartae
1222 2206 1318 2262 utro-

369 2318 513 2381 rumque
538 2319 659 2381 regum
681 2300 718 2362 in
745 2301 841 2364 nullo
869 2302 1092 2365 inveniuntur
1121 2299 1317 2363 dissimiles

370 2396 470 2462 Tunc
489 2401 697 2464 constitutus
717 2408 771 2464 est
787 2401 859 2466 dics
879 2408 994 2465 certus
1010 2402 1054 2465 ad
1071 2419 1223 2475 mensem
1237 2406 1317 2482 post

371 2497 521 2576 Pascha,
540 2509 579 2563 ut
596 2500 638 2563 dc
660 2501 805 2581 singulis
827 2501 1048 2565 comitatibus
1069 2500 1167 2582 regni
1188 2501 1319 2564 duode-

371 2600 438 2662 cim
468 2599 595 2663 milites
620 2607 656 2664 et
677 2600 807 2681 legales
838 2602 992 2667 homines
1015 2601 1236 2683 eligerentur,
1259 2601 1318 2683 qui

371 2697 489 2762 addito
506 2699 704 2783 juramento
726 2721 835 2765 novas
855 2722 877 2765 a
897 2701 1068 2765 veteribus
1087 2700 1320 2765 discernerent

371 2798 530 2877 forestas,
563 2807 602 2864 ut
629 2820 747 2865 omnes
783 2802 865 2879 illae,
897 2821 975 2884 quae
1007 2802 1157 2865 inventae
1191 2801 1319 2865 fuerint

372 2898 580 2964 afforestatae
608 2895 688 2984 post
711 2902 854 2984 primam
886 2901 1142 2967 coronationem
1173 2900 1318 2965 Henrici

371 3000 429 3064 avi
451 3000 552 3064 istius
581 3002 685 3083 regie,
707 3003 826 3066 statim
854 2991 1163 3078 deafforestentur3
1196 3009 1233 3066 at
1257 3002 1319 3078 sic,

371 3099 487 3164 soluto
509 3101 665 3177 coneilio,
693 3101 817 3165 delatae
840 3109 923 3165 sunt
947 3101 1077 3165 chartae
1104 3101 1252 3183 singulae
1276 3102 1320 3166 ad

371 3200 527 3282 singulos
545 3202 741 3277 comitatuS,
762 3202 821 3265 ubi
839 3221 883 3264 ex
901 3202 992 3284 regis
1009 3200 1186 3279 mandato,
1206 3203 1320 3268 litera-

370 3301 460 3364 torio
486 3301 691 3383 interposito
714 3302 924 3386 juramento,
949 3302 993 3365 ab
1020 3301 1178 3365 omnibus
1204 3304 1321 3367 obser-

370 3401 446 3463 vari
463 3401 642 3484 jubentur.

442 3573 484 3639 Ur
496 3557 552 3639 reo
567 3576 742 3661 deplorem
756 3578 953 3643 Biclordrmr
959 3581 1101 3663 fratrem
1116 3599 1205 3642 suarm
1218 3580 1254 3643 in

679 3677 875 3743 Warooolam
890 3679 1021 3743 miserit.

207 3813 383 3913 ffillfflll„
422 3800 552 3867 Eodem
579 3820 682 3880 anno,
699 3803 735 3865 in
755 3803 809 3867 die
832 3805 1083 3886 purificationis
1106 3806 1217 3869 beatae
1241 3803 1320 3869 Ma·

207 3916 358 4006 {mune
371 3920 444 3978 rrae,
471 3901 678 3980 Richardus,
706 3903 813 3967 frater
845 3906 936 3986 regis
960 3901 1111 3989 Angliae‚
1135 3905 1321 3970 abeodem

406 4076 641 4148 ¹Adquiercerent.]
666 4083 720 4131 The
738 4082 833 4133 cister-
894 4082 1054 4149 'Chartae.]
1097 4085 1129 4134 In
1156 4085 1199 4134 the
1227 4086 1322 4138 Annei.

370 4152 441 4201 cinus
463 4166 527 4214 gave
550 4151 601 4200 him
622 4157 674 4201 two
697 4153 833 4217 thousand,
859 4155 965 4204 Burtou.
977 4156 1028 4205 and
1040 4156 1138 4204 Walter
1154 4155 1324 4219 Hemingsord

369 4221 413 4272 the
428 4221 500 4271 Jews
519 4224 566 4271 five
585 4222 711 4272 thousand
729 4225 832 4285 marks3
858 4225 928 4274 these
937 4226 1100 4276 chartersarc
1110 4226 1184 4288 given
1192 4230 1219 4275 at
1226 4227 1322 4290 length.

370 4291 464 4342 Annei.
475 4293 586 4343 Wuverl.
598 4308 625 4354 p.
634 4297 691 4344 189.
