2864 4866
344 414 410 479 226
602 426 738 475 noonnr
763 426 810 472 nr
833 423 1040 473 wnnnovaa

186 617 309 659 nonar
347 599 415 655 tur.
462 587 682 670 Conquestus
697 586 794 650 estin
805 585 923 668 primis
937 585 979 648 de
997 603 1078 666 rege
1088 582 1297 665 Anglorum,

349 688 441 774 quod
463 687 678 752 solummodo
705 687 821 752 omnia
845 686 944 768 regni
967 685 1109 767 negotia
1130 703 1192 767 per
1216 703 1298 747 con·

349 791 465 855 silium
483 788 634 853 Huberti
655 786 852 873 justiciarii,
876 786 954 851 aliis
975 786 1100 868 spretis
1127 785 1299 866 magnati-

349 891 427 968 bus,
447 888 661 972 disponebat.
715 887 817 965 Item,
831 886 874 950 de
890 886 1085 971 justiciario
1105 885 1298 969 proposuit,

351 984 459 1075 quod¹
475 990 597 1054 habuit
608 1009 764 1066 uxorem,
778 987 879 1072 eujus
893 987 1186 1069 consanguineam
1202 986 1298 1068 prius

352 1092 520 1155 habuerat
547 1089 613 1154 sibi
651 1089 870 1153 matrimonio
898 1088 1105 1170 copulatam,
1143 1093 1179 1152 et
1206 1085 1300 1169 quod

347 1191 431 1276 jura
453 1190 606 1255 ecclesiae
635 1188 896 1254 Cantuariensis
914 1189 1091 1252 invaserat
1115 1194 1150 1251 et
1172 1185 1302 1270 injuste

352 1292 539 1357 detinebat.
592 1287 780 1372 Proposuit
803 1289 921 1366 etiam,
939 1288 1031 1371 quod
1044 1287 1198 1371 episcopi
1223 1287 1301 1369 qui·

353 1392 432 1456 dam
464 1390 539 1474 ejus
567 1389 789 1472 suffraganei,
824 1389 984 1471 neglecta
1009 1388 1177 1471 pastorali
1204 1406 1301 1464 cura,

354 1492 521 1555 sedebant
538 1490 579 1555 ad
603 1490 816 1554 scaccarium
831 1490 934 1571 regis,
951 1489 1059 1552 laicas
1075 1506 1199 1552 causas
1217 1507 1302 1551 ven·

353 1592 495 1657 tilantes
520 1599 555 1655 et
572 1590 704 1675 judicia
730 1589 909 1672 sanguinis
930 1596 1143 1653 exercentes.
1210 1587 1301 1652 Item

355 1699 565 1775 conquestus
586 1698 651 1768 est,
677 1691 769 1773 quod
795 1689 910 1754 clerici
935 1689 1129 1753 beneficiati
1157 1697 1192 1752 et
1211 1689 1303 1752 infra

355 1811 473 1857 sacros
492 1791 629 1855 ordines
657 1791 836 1855 constituti
867 1790 984 1872 plures
1003 1789 1177 1853 habebant
1193 1789 1303 1853 eccle-

355 1892 438 1969 sias,
469 1893 593 1975 quibus
623 1891 760 1956 adnexa
793 1890 907 1954 fuerat
928 1910 1012 1953 cura
1037 1890 1241 1966 animarum,
1269 1897 1305 1954 et

355 1993 446 2074 quod
470 1993 621 2075 insuper,
646 1993 735 2056 sieut
758 1991 924 2074 episcopi,
949 1991 993 2054 ab
1017 1989 1103 2072 ipsis
1126 1990 1304 2054 trahentes

355 2093 565 2175 exemplum,
580 2092 671 2155 curis
694 2090 906 2155 secularibus
928 2098 962 2154 et
976 2091 1141 2154 laicorum
1162 2110 1199 2154 se
1208 2091 1303 2174 judi-

355 2192 417 2255 ciis
432 2193 682 2256 immiscebant.
736 2190 804 2253 His
818 2197 934 2255 autem
948 2198 982 2254 et
998 2190 1232 2254 consimilibus
1248 2211 1304 2254 co·

356 2311 429 2356 ram
447 2312 539 2375 papa
554 2291 752 2374 propositis
767 2291 879 2374 petiit,
891 2297 932 2354 ut
946 2289 1074 2354 talibus
1094 2290 1211 2354 limam
1229 2311 1306 2354 cor·

356 2393 519 2455 rectionis
551 2392 748 2455 excessibus
787 2389 976 2454 adhiberet.
1039 2388 1195 2474 Cumque
1232 2392 1307 2457 haeo

357 2491 473 2555 omnia
485 2492 643 2555 dominus
660 2510 752 2574 papa
766 2490 924 2572 diligenti
937 2490 1052 2554 studio
1065 2490 1306 2572 intellexisset,

357 2598 392 2656 et
405 2591 547 2655 vidisset
564 2589 655 2674 quod
670 2591 842 2668 universa,
858 2611 936 2674 quae
952 2599 1180 2674 proposuerat
1196 2593 1309 2658 archi-

358 2690 552 2776 episcopus,
580 2691 719 2775 justitia
746 2691 884 2756 fuerant
908 2699 943 2756 et
977 2692 1110 2757 ratione
1145 2694 1307 2775 subnixa,

353 2792 462 2875 jussit
491 2792 730 2869 incontinenti,
760 2799 931 2874 quatenus
966 2792 1215 2876 archiepiscopi
1248 2815 1308 2859 ne-

358 2893 455 2974 gotia
481 2892 555 2956 sive
577 2893 761 2974 petitiones
788 2891 1044 2974 expedirentur,
1067 2892 1207 2976 justitia
1234 2913 1307 2959 me·

357 2993 485 3057 diante.
538 2992 799 3076 Proposuerunt
819 3000 935 3057 autem
952 2993 989 3056 in
1012 2994 1308 3082 contrariumocle·

358 3092 419 3156 rici
443 3093 546 3175 regis,
569 3114 632 3177 pro
651 3094 729 3176 ipso
751 3113 832 3175 rege
858 3099 893 3156 et
910 3093 1106 3176 justiciario
1123 3094 1233 3157 multa
1257 3097 1309 3159 in-

359 3195 472 3258 aniter
493 3194 706 3276 allegantes3
734 3192 795 3257 sed
820 3212 943 3276 parum
963 3193 1019 3257 vel
1046 3193 1132 3257 nihil
1154 3195 1308 3277 profece-

359 3300 453 3369 runt,
483 3293 575 3375 quia,
608 3293 817 3358 utbreviter
842 3293 988 3371 dicatur,
1011 3293 1111 3357 favor
1141 3295 1308 3380 archiepi-

360 3394 468 3476 scopi,
482 3393 643 3476 quicquid
660 3393 771 3475 petiit,
780 3393 990 3476 impetravit.
1013 3391 1308 3478 Archiepiscopus

359 3501 488 3570 autern,
502 3513 590 3569 cum,
607 3493 756 3575 expletis
770 3493 919 3574 negotiis
935 3494 1093 3557 omnibus
1106 3515 1169 3577 pro
1186 3496 1308 3561 volun·

360 3599 432 3657 tate
465 3613 539 3672 sua,
566 3593 756 3675 repatriare
784 3600 984 3671 maturaret,
1007 3586 1116 3678 ²apud
1137 3597 1310 3677 [sanctam

396 3791 484 3850 ¹and
507 3794 592 3843 hahuit
613 3796 745 3859 uxorem]
773 3796 824 3845 His
847 3796 958 3846 tionibus
968 3797 1063 3847 dolosis
1071 3798 1230 3859 iniquitatem
1237 3815 1311 3850 suam

359 3864 427 3913 third
436 3863 504 3926 wife,
516 3865 656 3926 Margaret,
666 3867 707 3915 the
726 3866 824 3929 daugh·
848 3867 1015 3930 prolongavit,
1023 3868 1177 3918 audientiam
1188 3870 1309 3921 bonorum

360 3938 398 3983 ter
413 3934 443 3983 of
455 3934 498 3982 the
514 3935 577 3996 king
593 3935 622 3983 of
638 3936 767 3996 Scotland,
783 3952 824 3986 re-
842 3937 961 3999 jndicum
974 3937 1133 4000 declinando,
1147 3943 1173 3989 et
1184 3941 1309 3991 malitiose

360 4004 428 4053 lated
447 4008 473 4052 to
489 4004 529 4053 his
547 4005 640 4054 second
651 4005 710 4055 wife
727 4007 823 4069 isabel,
845 4009 932 4057 literas
940 4008 1096 4068 impetrando
1103 4009 1195 4059 ad‘tres
1199 4011 1313 4075 judices,

360 4073 564 4124 thecountessol
572 4075 731 4126 Gloucester.
767 4077 821 4126 Tha
845 4079 871 4126 in
888 4079 970 4127 tribus
981 4078 1083 4141 Angliae
1100 4081 1201 4144 angulis
1217 4083 1311 4131 consti·

361 4143 455 4195 Chron.
474 4146 568 4194 Dunst.
585 4146 643 4195 tells
665 4161 696 4195 us
714 4147 769 4196 that
788 4146 820 4198 he
844 4144 930 4210 tutos,’
940 4163 967 4210 p.
979 4152 1037 4200 207.

360 4215 459 4265 evaded
478 4215 528 4267 this
546 4216 656 4281 inquiry‚
673 4217 821 4267 ‘machina
880 4214 969 4283 πΑριιᾶ
979 4223 1088 4270 martum
1095 4221 1241 4286 Gelonium]
1252 4222 1312 4272 ‘Ad
