2864 4866
334 398 376 462 10
588 411 722 460 uocum
747 411 794 457 nn
817 409 1026 458 wnunovun

174 589 229 630 an.
240 589 296 629 12¹⁷.
335 579 406 636 tate
430 572 520 635 inter
547 571 733 653 optimates
753 568 894 654 Angliae
923 567 1104 635 fluctuatio
1131 568 1286 633 maxima

333 673 389 736 cui
410 690 448 736 se
475 671 549 753 regi
578 671 844 746 committerent,
862 670 986 752 juveni
1004 669 1165 734 videlicet
1184 668 1285 732 Hen-

333 773 416 850 rico,
443 791 488 835 an
516 771 654 836 domino
683 770 892 849 Lodowico;
923 769 1096 834 habebant
1119 769 1209 834 enim
1238 789 1285 833 ex

335 871 560 954 Francigenis
577 871 681 937 talem
701 876 907 953 tantumque
926 876 1172 952 contemptum,
1190 869 1283 952 quod

333 974 433 1037 multi
474 992 593 1037 eorum
634 970 907 1036 consolationem
944 990 1013 1034 non
1057 970 1282 1033 admiserunt.

333 1071 448 1137 Auxit
470 1081 639 1155 praeterea
660 1070 763 1154 hujus
791 1071 1062 1153 perturbationis
1085 1070 1284 1152 procellam,

333 1173 425 1256 quod
447 1172 666 1249 Lodowicus,
688 1178 806 1253 spreto
826 1171 1038 1254 juramento,
1059 1176 1181 1247 terras,
1202 1187 1284 1251 pos·

333 1274 504 1338 sessiones
530 1282 566 1337 et
588 1273 733 1337 castella
754 1270 940 1336 eorundem
965 1271 1184 1353 optimatum,
1204 1289 1284 1352 quae

334 1393 451 1438 eorum
470 1372 601 1436 auxilio
623 1375 820 1454 subegerat,
838 1370 907 1434 illis
927 1370 1233 1447 murmurantibus,
1248 1370 1284 1431 in

334 1493 431 1537 suam
451 1472 632 1554 redegerat
648 1478 869 1555 potestatem,
886 1490 1018 1554 ponens
1035 1470 1072 1533 in
1089 1471 1140 1534 eis
1158 1469 1285 1533 milites

334 1579 370 1637 et
399 1572 611 1655 alienigenas
644 1574 815 1636 nationes.
868 1570 1054 1647 Caetcrum,
1086 1577 1185 1652 turpe
1218 1568 1285 1632 sibi

334 1673 516 1736 videbatur
546 1673 590 1737 ad
626 1691 755 1754 regem,
787 1691 888 1755 quem
922 1671 1132 1756 abjecerant,
1160 1670 1285 1746 redire,

248 1846 251 1851 ,
335 1793 378 1837 ne
406 1773 605 1837 viderentur
640 1791 744 1836 canes
774 1771 819 1836 ad
848 1772 1016 1836 vomitum
1048 1777 1283 1848 revertentes3

334 1873 452 1955 sieque
481 1872 561 1935 binc
589 1872 669 1936 inde
699 1873 856 1955 perplexi
885 1879 1088 1954 quassatum
1120 1871 1284 1953 nequive-

334 1979 416 2036 runt
440 1973 609 2036 calamum
638 1991 809 2055 reparare.
876 1971 1006 2037 Eodem
1034 1978 1200 2054 tempore,
1224 1970 1283 2034 de-

335 2073 424 2136 cimo
443 2073 545 2137 tertio
568 2071 737 2136 kalendas
760 2072 952 2149 Februarii,
974 2071 1135 2135 exierunt
1151 2069 1194 2133 de
1211 2089 1285 2134 cas-

335 2173 430 2250 tello,
451 2172 543 2256 quod
560 2171 739 2236 Monsorel
757 2171 965 2254 appellatur,
983 2171 1111 2235 milites
1126 2177 1162 2234 et
1176 2171 1285 2234 servi-

307 2280 445 2358 ventes,
483 2279 522 2336 ut
559 2271 687 2355 praedis
725 2272 897 2335 instarent
933 2278 969 2335 et
1003 2271 1155 2354 rapinis3
1192 2270 1285 2353 quod

337 2391 413 2434 cum
450 2390 511 2453 per
551 2371 791 2454 exploratores
830 2371 956 2435 milites
989 2371 1032 2434 de
1070 2370 1105 2435 N
1108 2371 1286 2452 otingbam

338 2472 595 2553 cognovissent,
612 2478 784 2535 venerunt
799 2471 849 2535 eis
866 2471 1015 2547 obviam,
1030 2478 1077 2548 et,
1094 2470 1186 2535 facto
1205 2490 1285 2534 con-

337 2590 471 2653 gressu,
489 2577 654 2654 ceperunt
669 2591 714 2635 ex
733 2572 951 2637 obstantibus
967 2571 1086 2634 decem
1109 2571 1235 2634 milites
1251 2577 1287 2633 et

336 2672 462 2752 viginti
479 2678 629 2755 quatuor
651 2672 853 2748 servientes,
876 2672 992 2747 etsie,
1014 2672 1124 2735 tribus
1144 2691 1189 2735 ex
1206 2670 1287 2734 bos·

337 2771 429 2834 tibus
449 2771 650 2849 interfectis,
668 2791 747 2835 cum
768 2773 849 2836 laeta
866 2772 1012 2836 victoria
1029 2778 1235 2835 remearunt.

378 2945 523 3020 Qualiter
535 2945 705 3010 Fcleesius
718 2946 828 3011 villum
843 2946 944 3010 suncti
956 2944 1079 3010 Albani
1094 2944 1251 3030 spoliauit.

176 3097 293 3138 saram
389 3071 459 3135 Per
479 3071 570 3134 idem
591 3078 739 3154 tempuS,
760 3071 943 3135 undecimo
965 3069 1133 3134 kalendas
1158 3070 1286 3133 Febru-

175 3149 319 3240 lliillia
338 3172 414 3249 arii,
453 3164 667 3249 ¹Falcasius,
699 3171 818 3254 praedo
852 3172 1034 3255 pessimus,
1067 3170 1287 3234 multitudine

176 3250 274 3290 ΒΜ·
338 3272 438 3353 gravi
475 3279 688 3353 congregata
723 3270 766 3334 de
804 3271 973 3354 praesidiis
1014 3278 1206 3335 castrorum
1245 3270 1288 3333 de

338 3370 489 3448 Oxonia,
529 3370 761 3436 Norbantona
796 3378 831 3435 et
863 3369 1081 3446 Bedefordia,
1117 3369 1221 3432 simul
1254 3376 1289 3432 et

338 3470 611 3548 Windleshores,
654 3472 802 3535 militum
842 3478 878 3534 et
910 3470 1154 3551 ruptariorum,
1190 3469 1287 3531 venit

338 3570 382 3634 ad
410 3569 528 3634 villam
557 3572 668 3633 sancti
694 3570 824 3636 Albani
853 3571 890 3633 in
918 3568 1120 3650 crepusculo
1149 3587 1289 3651 vesper-

340 3670 426 3747 tino,
450 3676 551 3733 nocte
579 3669 710 3734 scilicet
734 3663 866 3734 ²sancti
885 3668 1073 3746 Vincentii,
1099 3674 1213 3751 atque,
1236 3669 1289 3732 in-

339 3770 480 3853 opinato
511 3770 642 3852 impetu
678 3770 783 3848 facto,
813 3771 931 3836 villam
965 3776 1074 3834 totam
1111 3768 1288 3851 spoliavit,

338 3870 495 3935 homines
517 3877 553 3933 et
570 3869 719 3933 infantes
743 3869 834 3953 cepit
856 3890 896 3935 ac
918 3869 1066 3935 vinculis
1086 3888 1145 3932 eos
1168 3869 1290 3932 arctis-

376 4042 545 4107 ¹Faieaaiaa]
569 4043 645 4102 Paris
660 4043 708 4092 has
724 4045 800 4094 much
825 4045 871 4093 der
886 4045 929 4093 the
947 4059 1009 4107 year
1021 4047 1100 4105 12243
1124 4044 1165 4094 ed.
1178 4047 1252 4108 1640,
1263 4059 1290 4106 p.

339 4115 489 4177 concaming
510 4114 562 4162 this
584 4113 727 4162 individual
750 4114 801 4162 and
826 4118 944 4178 albaco.

337 4185 379 4235 bis
398 4183 468 4246 wife,
488 4185 620 4246 Margaret
638 4183 739 4246 Rivers,
757 4189 801 4233 not
861 4181 970 4234 'Sancti
986 4179 1138 4253 Vincentia]
1164 4183 1206 4233 the
1223 4184 1291 4234 lind

337 4254 438 4305 noticed
448 4255 483 4315 by
492 4254 635 4304 Wendover
650 4255 743 4317 below,
754 4269 800 4304 un·
826 4253 855 4302 ol
862 4254 988 4316 danuam.
