2864 4866
179 589 235 628 Ab.
246 589 304 631 121⁶.

176 3472 278 3513 Hertlord

177 3523 242 3562 eartle

179 3572 279 3620 besieged

179 3623 223 3660 and
231 3622 302 3663 taken.

339 395 361 457 4
593 410 726 457 nocam
751 411 797 458 nn
820 408 1028 457 wunnovrn

343 569 503 633 Huberto
522 569 564 633 de
583 569 715 651 Burgo‚
739 569 950 632 Doverensis
973 567 1079 631 castri
1103 567 1290 631 constabu-

342 670 441 746 lario,
458 668 502 731 ud
519 689 618 732 suum
632 669 841 751 colloquium
858 676 994 743 vocato,
1011 667 1101 731 dixit
1115 666 1159 744 ei,
1182 672 1191 700 ‘
1210 666 1291 730 Rex

342 768 365 833 J
369 769 522 833 ohannes
551 769 709 833 dominus
736 777 816 833 tuus
844 777 1000 833 mortuus
1024 774 1089 844 est,
1112 786 1175 830 nec
1196 766 1291 830 valet

343 870 406 932 tibi
432 877 583 933 castrum
607 869 672 933 boc
695 877 816 933 contra
838 887 892 932 me
915 868 1045 931 diutius
1063 873 1192 957 tenere,
1212 885 1290 929 cum

344 988 413 1032 non
438 968 566 1033 babeas
596 968 834 1047 defensorem
868 967 972 1031 redde
1000 987 1083 1048 ergo
1111 965 1289 1029 castellum

344 1068 428 1130 mibi
453 1075 488 1132 et
510 1069 552 1132 ad
580 1068 781 1132 fidelitatem
799 1086 910 1132 meam
932 1068 1023 1144 veni,
1044 1073 1080 1130 et
1105 1086 1170 1147 ego
1193 1085 1291 1146 mag-

344 1168 398 1231 nis
423 1166 610 1231 honoribus
630 1176 665 1232 te
693 1167 810 1231 ditabo
836 1175 941 1249 atque
964 1168 1054 1230 inter
1076 1166 1291 1229 consiliarios

344 1287 439 1332 meos
461 1287 609 1350 magnus
626 1268 719 1332 eris’
764 1267 829 1331 Cui
850 1267 1032 1330 Hubertus
1048 1266 1166 1329 taliter
1183 1265 1293 1329 fertur

344 1367 574 1449 respondisse,
598 1367 660 1430 ‘Si
679 1368 837 1432 dominus
855 1386 952 1430 meus
972 1373 1130 1430 mortuus
1149 1371 1215 1442 est,
1232 1365 1293 1428 ba-

344 1467 404 1531 bet
423 1467 513 1531 filios
536 1476 571 1531 et
593 1467 695 1546 filias,
718 1468 777 1549 qui
797 1468 829 1531 ei
850 1466 1033 1530 succedere
1059 1466 1205 1542 debent3
1230 1464 1290 1528 sed

345 1574 381 1630 et
410 1566 453 1630 de
489 1568 633 1632 castello
665 1568 839 1632 reddendo
874 1587 952 1630 cum
989 1566 1155 1629 militibus
1190 1565 1292 1628 sociis

345 1667 431 1729 meis
447 1667 573 1731 habere
585 1668 666 1732 volo
682 1668 891 1750 colloquium
902 1667 930 1744 ;'
952 1666 1071 1749 sicque
1088 1666 1123 1727 in
1140 1671 1290 1728 castrum

345 1785 504 1830 reversus
537 1768 704 1832 indicavit
735 1768 837 1832 sociis
870 1768 975 1831 verba
1014 1765 1202 1840 Lodowici,
1233 1766 1292 1847 qui

345 1866 381 1929 in
398 1864 464 1930 hoc
486 1868 615 1949 pariter
636 1874 883 1931 consenserunt
905 1866 1039 1945 inclusi,
1057 1872 1095 1928 ut
1112 1864 1291 1928 castellum

346 1965 531 2031 Lodowico
555 1977 752 2049 negaretur,
776 1988 818 2031 ne
843 1966 928 2030 illud
950 1966 1098 2048 turpiter
1119 1964 1293 2029 reddendo

345 2074 462 2129 notam
481 2068 691 2149 *proditionis
714 2069 940 2132 incurrerent.
994 2064 1097 2144 Quod
1121 2084 1199 2128 cnm
1224 2064 1291 2128 Lo·

345 2163 476 2229 dowico
498 2174 533 2230 et
552 2167 739 2231 baronibus
761 2167 958 2230 nuntiatum
979 2165 1112 2242 fuisset,
1132 2164 1292 2229 decreve-

346 2272 426 2328 runt
455 2266 590 2329 minora
626 2287 687 2349 per
718 2266 881 2349 Angliam
917 2265 1061 2329 castella
1093 2265 1292 2348 subjugare,

345 2370 396 2440 ut,
418 2363 604 2428 levioribus
634 2366 800 2442 subactis„
823 2365 1048 2447 confugerent
1070 2364 1112 2428 ad
1138 2364 1291 2448 majora3

345 2463 501 2545 denique,
526 2465 703 2529 obsidione
725 2467 852 2542 soluta,
880 2466 922 2529 ad
953 2467 1070 2528 urbem
1095 2465 1291 2528 Londonia·

343 2583 420 2626 rum
441 2572 524 2627 sunt
545 2566 683 2628 reversi.
736 2566 802 2630 Sed
828 2566 992 2630 continuo
1015 2572 1095 2648 post
1119 2584 1291 2628 recessum

344 2682 461 2726 eorum
484 2665 623 2742 militeS,
649 2666 708 2747 qui
738 2672 837 2729 erant
858 2666 894 2728 in
923 2664 1153 2747 [defensione]
1184 2667 1290 2729 castri

343 2764 535 2840 memorati,
578 2771 747 2828 exeuntes
790 2766 1052 2829 combusserunt
1096 2765 1216 2829 domos
1256 2773 1291 2828 et

344 2862 502 2940 aedificia,
520 2884 598 2946 quae
616 2872 696 2928 ante
714 2873 864 2929 castrum
886 2865 1090 2929 Lodowicus
1107 2872 1291 2928 construx-

343 2969 430 3039 erat,
453 2971 489 3026 et
510 2963 560 3026 sic
586 2984 648 3046 per
669 2965 881 3046 provinciam
905 2963 1078 3028 hostiliter
1099 2964 1292 3028 discurren-

343 3066 395 3125 tes
430 3069 582 3126 castrum
618 3083 717 3127 suum
756 3065 914 3128 omnibus
952 3066 1054 3128 rebus
1088 3065 1290 3129 necessariis

341 3161 470 3244 optime
492 3165 701 3228 munierunt.

426 3335 476 3399 De
491 3333 684 3401 obsidionere
699 3338 839 3423 captione
854 3337 973 3401 castelli
988 3337 1025 3400 de
1039 3338 1202 3420 Hertford.
1224 3309 1228 3316 .

349 3498 351 3502 ι
392 3459 461 3521 His
487 3460 536 3523 ita
565 3461 685 3541 gestiS,
709 3460 916 3525 Lodowicus
942 3462 978 3523 in
1003 3461 1156 3524 crastino
1180 3461 1291 3524 sancti

342 3557 487 3621 Martini
519 3578 596 3622 cum
631 3560 786 3624 exercitu
818 3561 958 3642 copioso
991 3560 1035 3622 ad
1066 3559 1290 3642 municipium

340 3657 383 3720 de
404 3656 571 3722 Hertford
596 3661 799 3741 perveniens
818 3659 904 3722 illud
930 3659 1108 3723 obsidione
1131 3660 1288 3737 vallavit,

340 3758 531 3839 erectisque
565 3759 602 3820 in
639 3779 763 3842 gyrum
800 3759 967 3822 machinis
1001 3760 1135 3823 castelli
1173 3780 1289 3823 muros

339 3858 539 3921 subvertere
562 3858 756 3936 nitebatur;
784 3859 844 3922 sed
863 3858 1041 3923 Walterus
1063 3861 1106 3924 de
1129 3859 1288 3923 Godard·

341 3956 435 4033 villa,
468 3957 565 4020 miles
595 3958 637 4021 de
672 3958 803 4022 familia
841 3959 1004 4036 Falcasii,
1032 3958 1085 4024 vir
1115 3967 1289 4036 strenuuS,

338 4075 414 4118 cum
464 4057 535 4120 suis
582 4058 873 4122 commilitonibus
921 4059 1112 4123 defensioni
1161 4079 1289 4123 vacans

337 4156 481 4221 multam
506 4178 550 4220 ex
576 4157 771 4239 Galligenis
797 4167 947 4239 stragem
974 4158 1067 4223 fecit.
1121 4159 1290 4237 Tandem,
