2864 4866
413 414 554 463 rnonns
578 415 847 465 arsronrnnunr.
1041 399 1107 464 119

155 571 326 654 prioribus
345 579 382 636 et
398 571 610 657 singulorum
633 576 915 658 procuratoribus
937 577 1103 660 capitulo
1116 594 1242 634 nonae.

155 691 242 749 rum,
269 672 469 737 mandatum
492 676 616 738 summi
637 676 810 758 pontificis
833 676 1002 756 audituri;
1031 645 1238 754 sedili-iiiii
1288 719 1292 726 .

154 773 318 855 quoniam
341 773 584 856 Lugdunensis
603 776 880 859 archiepiscopus
900 777 1105 842 vendicabat

154 873 220 936 sibi
245 872 442 956 primatiam
473 895 578 958 super
604 876 898 959 archiepiscopum
928 876 1104 941 Senonen-

154 993 239 1050 sem,
274 980 310 1038 et
347 973 639 1058 Rothomagensis
677 996 782 1059 super
817 977 1104 1057 Bithuricensem,

155 1072 426 1153 Auxianensem,
456 1074 730 1152 Narbonensem,
761 1084 796 1140 et
830 1096 947 1141 eorum
980 1078 1103 1142 suffra-

155 1192 298 1256 ganeos,
312 1175 498 1240 timebatur
520 1177 562 1240 de
585 1175 768 1253 discordia,
793 1184 827 1240 et
847 1176 925 1241 ideo
946 1197 1016 1242 non
1037 1178 1104 1243 suit

154 1293 289 1338 sessum
321 1277 421 1358 quasi
461 1277 497 1339 in
529 1276 687 1354 concilio,
720 1277 780 1340 sed
813 1285 852 1342 ut
882 1278 919 1341 in
946 1279 1103 1343 consilio.

154 1372 292 1453 Quibus
322 1375 521 1441 sedentibus
554 1384 589 1442 et
613 1376 712 1442 lectis
743 1379 779 1440 in
808 1378 947 1461 publico
980 1379 1103 1460 legati·

155 1474 231 1540 onis
254 1475 377 1554 literis,
409 1485 644 1560 apparuerunt
670 1497 785 1542 comes
813 1478 1033 1543 Tholosanus
1058 1500 1103 1544 ex

155 1595 225 1640 una
246 1583 346 1659 parte
374 1584 410 1642 et
435 1577 553 1642 Simon
577 1579 620 1642 de
650 1577 869 1643 Monte-forti
903 1599 946 1643 ex
980 1580 1103 1658 altera,

156 1676 215 1758 qui
237 1678 339 1759 petiit
362 1677 426 1741 sihi
448 1679 584 1742 restitui
606 1685 733 1742 terram
759 1678 946 1744 Reimundi
968 1681 1104 1745 comitis

154 1775 356 1856 Tholosani,
385 1797 490 1862 quarn
514 1778 673 1843 dominus
695 1798 787 1863 papa
810 1788 845 1844 et
868 1800 930 1844 rex
953 1780 1103 1846 Franco·

154 1896 229 1941 rum
248 1877 430 1963 Philippus
451 1879 517 1943 sibi
538 1887 574 1944 et
592 1881 683 1962 patri
707 1900 770 1944 suo
787 1881 1018 1959 contulerunt,
1041 1901 1103 1945 ex-

154 1975 275 2042 hibens
309 1998 416 2062 snpra
444 1979 631 2046 donatione
661 1980 755 2045 facta
782 1982 974 2064 utriusque,
1001 2000 1103 2064 papae

154 2079 287 2144 scilicet
307 2087 344 2144 et
366 2081 470 2162 regis,
494 2082 729 2158 munimenta;
760 2080 972 2164 addiditque,
996 2081 1102 2144 comi-

156 2185 224 2244 tem
250 2180 484 2245 Reimundum
514 2181 748 2266 abjudicatum
775 2180 882 2245 fuisse
911 2180 1033 2244 Romae
1065 2182 1102 2245 in

155 2280 300 2345 concilio
334 2281 487 2364 generali
513 2290 656 2365 propter
682 2280 842 2357 haeresin,
869 2281 913 2346 ad
941 2282 1055 2344 minus
1080 2301 1102 2346 a

153 2388 253 2464 parte
267 2381 390 2466 majori
411 2390 512 2446 terrae
530 2401 633 2466 quam
657 2402 749 2446 nunc
766 2388 870 2445 tenet.
923 2382 1100 2460 Econtra,

154 2499 267 2546 comes
296 2481 513 2546 Reimundus
539 2482 665 2548 obtulit
686 2502 724 2546 se
746 2482 917 2547 facturum
941 2501 1025 2565 erga
1047 2503 1101 2546 re-

155 2601 232 2662 gem
265 2582 478 2647 Francorum
505 2589 541 2646 et
566 2584 745 2648 ecclesiam
776 2581 971 2646 Romanam
1003 2583 1101 2666 quic·

156 2681 237 2765 quid
263 2682 376 2747 facere
401 2681 540 2746 deberet
561 2704 624 2766 pro
647 2683 849 2747 haereditate
877 2702 951 2746 sua.
1002 2683 1102 2746 Tunc

155 2802 234 2847 cum
250 2790 384 2866 peteret
397 2802 478 2866 pars
494 2783 641 2848 adversa
662 2785 706 2848 ab
729 2804 782 2861 eo,
805 2792 844 2847 ut
860 2783 991 2846 subiret
1007 2783 1103 2867 judi·
1129 2804 1132 2813 ¹

155 2882 244 2947 cium
271 2882 451 2948 duodecim
478 2885 613 2966 parium
644 2884 783 2962 Galbae,
813 2883 991 2967 respondit
1018 2883 1102 2946 Rei-

154 2982 313 3060 mundus
339 2984 525 3068 ‘Recipiat
548 3004 610 3048 rex
635 2984 832 3065 homagium
856 3003 969 3046 meum
991 2991 1026 3047 et
1042 3003 1102 3065 pa·

155 3090 251 3147 ratus
267 3103 345 3147 sum
362 3083 489 3160 subire,
513 3085 596 3166 quia
621 3084 710 3147 forte
728 3085 828 3147 aliter
849 3102 917 3146 non
937 3083 1103 3147 haberent

154 3203 208 3247 me
228 3202 292 3267 pro
314 3183 413 3267 pari'
465 3183 622 3268 Cumque
646 3183 725 3248 hinc
749 3183 828 3247 inde
848 3182 971 3246 fuisset
993 3183 1102 3267 pluri·

154 3303 247 3348 mum
270 3283 487 3362 altercatum,
509 3284 673 3368 praecepit
693 3282 959 3366 archiepiscopis
982 3283 1101 3364 singu·

155 3383 199 3446 lis
227 3384 365 3466 legatus
394 3391 476 3448 tunc
503 3385 743 3468 praesentibus,
769 3391 808 3447 ut
826 3383 1024 3447 convocatis
1048 3402 1103 3446 se·

154 3502 271 3548 orsum
295 3485 530 3567 unusquisque
551 3484 779 3566 suffraganeis
801 3503 878 3547 cum
901 3481 951 3545 eis
974 3482 1102 3545 delibe-

155 3590 274 3647 rarent
290 3604 394 3668 super
417 3586 557 3666 negotio
581 3585 727 3667 praefato
745 3591 779 3647 et
795 3583 972 3646 traderent
985 3582 1103 3663 legato

154 3684 335 3749 eonsilium
356 3704 457 3748 suum
479 3684 656 3749 redactum
677 3687 713 3748 in
734 3684 883 3765 script03
914 3700 983 3764 quo
997 3681 1103 3760 facto,

154 3783 292 3866 legatus
308 3784 617 3850 excommunicavit
634 3783 825 3865 omnesqui
841 3801 944 3864 super
958 3780 1023 3844 hoc
1038 3801 1103 3845 sua

157 3884 301 3948 consilia
329 3886 534 3962 revelarent,
563 3885 681 3949 dicens
711 3902 748 3946 se
779 3900 821 3945 ea
849 3881 935 3945 velle
964 3880 1102 3946 domino

154 4003 256 4067 papae
270 3984 467 4067 significare
484 3993 519 4050 et
536 3985 748 4048 Francorum
765 3981 838 4063 regi
855 3981 1046 4045 ostendere.
