2864 4866
359 402 403 465 70
615 415 748 462 nonani
772 415 819 462 nn
842 412 1050 462 wunnovnn

198 588 253 628 cv-
265 589 319 626 ¹221·
363 576 420 638 bet
457 574 665 656 exemplum.
727 573 856 638 Coram¹
892 572 1010 636 multis
1040 568 1186 655 juravit,
1218 569 1311 651 quod

204 3176 264 3266 iti‘

257 3237 269 3266 0

361 693 493 757 pacem,
521 675 597 756 ipso
623 674 774 761 vivente,
799 671 1044 737 Dunelmensis
1073 669 1219 735 ecclesia
1242 687 1311 732 non

361 774 511 837 habebit.
586 773 828 855 conquerente
856 773 930 836 ‘sibi
961 769 1112 853 quodam
1141 768 1312 832 monacho

362 873 601 950 Dunelmensi‚
629 891 667 936 se
692 892 713 936 a
739 872 968 937 servientibus
996 861 1072 935 suisx
1095 870 1140 934 ab
1165 868 1314 933 ecclesia

362 972 511 1054 quadam
533 972 640 1037 fuisse
662 979 857 1037 extractum
880 980 915 1037 et
934 991 1044 1055 usque
1066 969 1110 1035 ad
1132 968 1312 1050 sanguinis

362 1072 561 1137 effusionem
584 1072 772 1155 pulsatum,
799 1072 977 1155 respondit
1002 1072 1046 1148 ei,
1073 1069 1166 1154 quod
1187 1067 1312 1131 melius

361 1172 491 1237 factum
517 1171 640 1236 fnisset
661 1173 692 1236 si
714 1173 904 1236 servientes
927 1171 1081 1253 episcopi
1106 1168 1313 1234 monachum

362 1272 599 1353 peremissent.
646 1271 728 1354 Ipse
743 1272 884 1354 insuper
900 1270 1125 1354 apostolicam
1142 1268 1314 1352 regulam,
1394 1322 1396 1327 .

363 1372 596 1434 continentem
614 1370 727 1453 qualis
751 1371 876 1435 debeat
899 1389 975 1435 esse
997 1371 1192 1453 episcopus,
1210 1368 1313 1450 peni-·

364 1478 421 1533 tus
444 1470 592 1534 calcavit
611 1470 647 1533 in
675 1472 819 1535 cunctis.
882 1470 958 1534 Nos
990 1489 1086 1551 ergo,
1116 1489 1160 1533 ne
1186 1468 1312 1532 alienae

363 1569 475 1651 culpae
503 1570 610 1634 simus
638 1577 812 1648 auctores,
840 1571 870 1633 si
902 1571 1030 1635 clausis
1061 1569 1170 1633 oculis
1197 1574 1251 1632 tot
1275 1575 1311 1632 et

363 1675 464 1733 tanta
487 1669 644 1752 praedicti
667 1670 820 1753 episcopi
844 1679 1061 1734 transeamus
1077 1675 1213 1745 errata,
1235 1685 1315 1731 cum

364 1769 451 1832 adeo
480 1767 525 1832 ad
561 1787 624 1833 nos
660 1769 791 1833 clamor
827 1789 932 1852 super
965 1769 1020 1832 his
1046 1768 1247 1832 ’ascenderit
1274 1775 1316 1831 ut

363 1868 629 1933 dissimulationi
662 1869 809 1951 amplius
846 1888 916 1932 non
954 1869 1001 1932 sit
1029 1868 1138 1945 locus,
1170 1867 1314 1949 dignum

363 1969 527 2032 duximus
555 1988 600 2032 ex
626 1967 729 2033 officii
754 1969 864 2032 nostri
893 1969 1008 2032 debito
1033 1966 1251 2044 descendere,
1274 1972 1316 2029 ut

364 2069 440 2132 haec
471 2087 516 2132 an
545 2069 596 2132 ita
627 2069 706 2146 sint,
741 2069 797 2133 vel
829 2068 941 2145 aliter,
972 2066 1162 2131 videamus.
1215 2064 1316 2144 Quo-

364 2169 457 2231 circa
485 2167 695 2231 fraternitati
722 2174 849 2232 vestrae
876 2187 938 2250 per
963 2166 1155 2249 apostolica
1183 2166 1317 2249 scripta

364 2266 581 2342 mandamus
599 2274 783 2347 quatenus,
801 2267 968 2349 inquisita
985 2286 1089 2349 super
1108 2266 1162 2329 his
1180 2272 1215 2329 et
1230 2284 1314 2347 cog-

365 2368 440 2429 nita
467 2364 613 2430 sollicite
645 2367 803 2445 veritate,
838 2385 917 2449 queo
948 2366 1161 2441 inveneritis,
1191 2366 1316 2429 vestris

365 2465 512 2528 fideliter
535 2465 668 2529 inclusa
692 2467 827 2548 sigillis,
850 2467 894 2529 ad
920 2472 1072 2529 nostram
1094 2466 1316 2548 praesentiam

365 2565 561 2641 remittatis,
584 2573 636 2642 ut,
654 2573 794 2630 auctore
819 2566 907 2643 Deo,
930 2565 1022 2647 quod
1047 2583 1152 2646 super
1174 2564 1239 2629 hoc
1261 2563 1315 2628 sa·

364 2662 523 2729 ciendum
558 2664 662 2728 suerit
700 2672 904 2729 statuamus.
983 2665 1115 2728 Datum
1153 2664 1317 2742 Viterbii,

364 2762 588 2845 pontificatus
610 2765 717 2828 nostri
743 2784 835 2828 anno
858 2762 1005 2847 quarto?

393 2934 426 2998 U
423 2943 436 2998 t
448 2933 602 3020 episeopus
615 2916 831 3003 Darulmacsie
847 2947 956 3002 contra
969 2937 1129 3002 monachos
1142 2938 1275 3002 Romam

765 3038 904 3123 petierit.

265 3176 354 3266 {ppulo
418 3160 504 3224 Cum
533 3167 649 3224 autem
673 3161 783 3226 literae
807 3162 937 3226 domini
966 3180 1067 3244 papae
1088 3162 1133 3225 ad
1155 3163 1315 3227 notitiam

367 3266 618 3324 exsecutorum
628 3262 878 3342 pervenissent,
892 3280 936 3324 ex
949 3259 1060 3325 officio
1078 3261 1143 3324 sibi
1157 3262 1316 3345 injuncto

367 3366 579 3424 vocaverunt
594 3361 790 3443 episcopum
813 3361 1190 3438 Dunelmensem,cum
1211 3362 1318 3426 abba-

367 3459 472 3535 tibus,
487 3459 671 3540 prioribus,
689 3460 951 3538 archidiaconiS,
965 3460 1116 3537 decanis,
1131 3461 1222 3542 apud
1240 3460 1317 3524 Du-

366 3557 515 3620 nelmum
545 3557 589 3620 ad
615 3578 715 3622 snum
745 3560 1000 3637 consistorium,
1029 3567 1064 3624 ot
1088 3559 1175 3624 alios
1206 3560 1315 3624 laicos

367 3663 403 3720 et
425 3655 568 3719 clericos
597 3656 691 3721 illius
720 3661 919 3742 provinciae,
945 3678 1182 3743 quoscumque
1210 3659 1316 3744 hujus

366 3755 416 3817 rei
442 3773 518 3818 esse
543 3757 699 3820 conscios
723 3759 948 3823 crediderunt.
1003 3758 1079 3822 Illis
1102 3765 1218 3822 autem
1239 3779 1316 3824 om·

367 3854 467 3917 nibus
485 3854 539 3918 die
564 3855 686 3920 sibiet
708 3857 785 3921 loco
806 3864 938 3922 statuto
963 3878 1078 3922 coram
1100 3861 1316 3924 exsecutori·

366 3954 429 4016 bus
456 3957 747 4036 comparentibus,
775 3956 930 4021 recitatae
954 3957 1095 4027 suerunt
1118 3957 1228 4023 literae
1254 3959 1316 4023 do-

365 4053 447 4115 mini
474 4072 586 4135 papae,
614 4055 834 4120 audientibus
862 4057 1008 4134 cunctiS,
1035 4064 1154 4139 aperte
1181 4065 1216 4122 et
1243 4058 1314 4122 dis-

364 4152 471 4216 tincto
498 4153 542 4217 ad
565 4154 847 4238 intelligendum
876 4157 1000 4240 quibus
1023 4157 1184 4240 perlectis
1206 4164 1241 4222 et
1263 4159 1314 4224 in-
