2864 4866
323 392 389 458 204
583 409 718 457 uocum
741 409 790 455 nu
813 406 1020 456 wuunovnn

160 583 216 624 nn.
227 585 285 624 1229.
324 565 511 644 Henricus,
535 565 572 628 in
594 565 649 629 die
674 566 910 645 Pentecostes,
939 566 962 631 J
966 565 1136 632 oha'nnem
1165 565 1275 628 filium

324 666 488 743 Huberti,
507 664 647 747 Angliae
668 666 868 749 justiciarii,
888 668 1028 749 cingulo
1051 666 1191 731 militari
1212 666 1274 729 do-

322 767 422 831 navit
436 765 540 830 tertio
555 785 665 830 nonas
682 764 706 829 J
709 767 791 830 unii.

319 910 396 1007 *Dc
426 941 647 1006 consecratione
677 938 838 1003 Richardi
869 939 1116 1017 Cantaurianos,
1141 939 1256 1024 Royeri

401 1041 606 1108 centensis
619 1048 647 1105 et
663 1038 805 1124 anonic
818 1039 968 1116 Elicnsis,
984 1040 1202 1125 episcoporum.

159 1184 308 1226 consanum:
372 1166 504 1229 Eodem
521 1172 688 1248 tempore,
706 1164 742 1226 in
756 1162 811 1227 die
828 1170 959 1228 sanctae
977 1162 1174 1241 Trinitatis,
1192 1183 1276 1227 con-

159 1236 293 1337 iisiiiiih'
322 1267 540 1329 venientibus
574 1263 835 1330 cantuariensis
859 1263 1014 1327 ecclesiae
1046 1263 1274 1344 suffraganeis

159 1338 295 1388 cmm
322 1366 415 1448 apud
429 1365 571 1429 eandem
589 1365 777 1440 civitatem,
795 1368 1018 1427 consecratus
1042 1371 1096 1426 est
1109 1363 1276 1443 magister

323 1463 532 1542 urchardus,
568 1463 830 1529 Cantuariensis
865 1463 1008 1539 electus,
1044 1482 1106 1545 per
1135 1482 1276 1526 manum

323 1563 477 1642 Henrici‚
497 1564 671 1628 Roffensis
687 1561 852 1645 episcopi,
879 1563 953 1625 sine
969 1562 1088 1644 pallio,
1110 1562 1161 1627 ita
1182 1563 1276 1645 quod

321 1664 419 1727 licuit
435 1665 467 1728 ei
482 1664 537 1728 vel
555 1663 692 1728 ordines
718 1662 891 1726 celebrare
914 1662 970 1726 vel
994 1662 1157 1726 ecclesias
1182 1663 1275 1726 dedi-

322 1783 413 1828 care.
466 1763 667 1828 consecrati
685 1769 767 1826 sunt
784 1762 889 1825 etiam
907 1780 983 1825 cum
1007 1781 1049 1825 eo
1070 1762 1188 1826 eodem
1208 1761 1277 1840 die,

321 1883 384 1945 per
411 1863 641 1927 ministerium
673 1861 826 1946 ejusdem
856 1862 1021 1944 episcopi,
1054 1869 1136 1925 ante
1161 1861 1275 1945 majus

321 1963 432 2026 altare
462 1964 498 2026 in
539 1963 684 2027 ecclesia
715 1967 846 2025 sanctae
881 1960 1076 2037 Trinitatis,
1111 1960 1275 2043 Rogatus

322 2062 452 2128 electus
483 2061 713 2126 Londinensis
746 2069 782 2125 et
810 2059 919 2143 Hugo
953 2061 1116 2138 EliensiS,
1150 2069 1276 2144 quarto

321 2162 399 2227 idus
415 2161 438 2226 J
442 2163 526 2227 unii.

321 2333 371 2398 De
382 2356 492 2420 moeno
505 2345 665 2421 apparatu
676 2337 757 2422 repis
766 2336 942 2438 Anylorum
951 2336 997 2402 od
1008 2336 1277 2422 transfretandum

706 2447 892 2522 congregato.

162 2591 310 2641 rispamini.
373 2558 445 2622 Sub
467 2558 596 2623 eisdem
621 2558 753 2637 diebuS,
782 2561 935 2625 instante
957 2560 1046 2626 festo
1069 2562 1183 2626 sancti
1206 2561 1276 2625 Mi-

159 2643 279 2732 ffilff'f,
322 2658 462 2730 chaelis,
503 2678 566 2722 rex
598 2658 794 2742 Anglorum
835 2659 1010 2724 Henricus
1047 2663 1276 2743 congregavit

161 2741 302 2842 {lgssffli'ssto
323 2757 415 2841 apud
434 2757 638 2823 Portesmue
654 2767 765 2824 totam
780 2760 996 2825 nobilitatem
1014 2762 1112 2842 regni
1126 2760 1274 2844 Angliae,

160 2842 247 2883 Μ·
323 2858 477 2935 comites,
494 2858 666 2937 videlicet,
688 2861 835 2924 barones
858 2868 894 2924 et
911 2861 1049 2937 milites,
1072 2880 1150 2925 cum
1177 2869 1277 2926 tanta

323 2958 475 3044 equitum
494 2977 535 3022 ac
552 2960 705 3041 peditum
728 2961 843 3037 turba,
863 2968 1031 3042 quantam
1047 2961 1162 3025 nullus
1180 2969 1278 3026 ante-

322 3078 497 3122 cessorum
508 3079 648 3123 suorum
659 3060 777 3142 aliquo
792 3059 943 3123 creditur
959 3067 1113 3142 tempore
1128 3080 1275 3143 congre·

322 3177 444 3240 gasse3
469 3160 529 3222 ubi
549 3158 653 3222 etiam
670 3166 840 3224 venerunt
858 3160 901 3223 ad
925 3180 1004 3223 eum
1021 3158 1063 3222 de
1077 3161 1276 3242 regionibus

323 3257 516 3335 Hiberniae,
551 3257 691 3336 Scotiae,
711 3258 852 3324 Walliae
883 3266 919 3322 et
950 3257 1145 3324 Galwalliae
1177 3268 1276 3326 tanta

323 3357 469 3422 militum
498 3364 533 3421 et
557 3365 768 3422 armatorum
791 3357 991 3435 multitudo,
1014 3358 1106 3444 quod
1126 3358 1276 3424 admira·

323 3457 410 3520 tioni
427 3457 586 3521 omnibus
598 3457 834 3535 habebantur3
854 3459 1036 3540 proposuit
1049 3478 1197 3541 namque
1212 3481 1276 3524 rex

323 3577 401 3620 cum
424 3563 524 3621 tanta
546 3564 756 3621 armatorum
781 3558 882 3640 copia
900 3557 1136 3635 transfretare,
1150 3566 1190 3622 ut
1207 3566 1276 3624 ter-

323 3676 393 3734 ras,
413 3676 501 3738 quas
523 3663 623 3738 pater
640 3659 815 3732 amiserat,
836 3659 871 3720 in
892 3677 993 3720 suum
1010 3657 1198 3721 dominium
1221 3681 1276 3723 re·

322 3764 474 3821 vocaret.
528 3756 689 3834 Domum,
711 3776 789 3820 cum
812 3757 985 3840 principes
1008 3764 1043 3821 et
1059 3759 1277 3825 mareschalli

324 3856 455 3919 militiae
477 3856 569 3938 regis
592 3856 635 3919 ad
659 3876 766 3920 naves
783 3856 972 3933 venissent,
988 3864 1028 3921 ut
1045 3857 1210 3923 victualia
1223 3860 1277 3924 in-

323 3962 483 4036 gererent
496 3963 531 4019 et
548 3975 656 4034 arma,
683 3956 770 4020 adeo
787 3975 917 4038 paucas
933 3957 1142 4021 invenerunt
1157 3978 1277 4038 navae,

322 4061 444 4118 utnon
461 4054 656 4120 sufficerent
672 4056 716 4120 ad
734 4056 954 4121 medietatem
973 4057 1147 4121 exercitus
1162 4065 1276 4124 trans-

321 4155 523 4236 ferendum;
551 4142 644 4238 quod
665 4157 807 4221 verbum
830 4175 907 4235 cum
932 4157 977 4222 ad
998 4157 1090 4239 regis
1115 4159 1275 4224 notitiam
