2864 4866
363 395 429 461 256
622 412 757 462 nouum
782 412 829 460 nn
852 412 1063 461 wnunovnn

521 645 572 711 De
585 654 679 710 morto
692 645 868 732 meabit,
882 646 1002 711 comitis
1020 647 1154 712 Oestriae.

201 785 324 876 335332·
414 771 545 837 Eodem
562 780 715 854 tempore
739 772 959 855 Ranulphus,
980 791 1094 837 comes
1115 770 1312 836 Cestrensis

203 887 243 926 Μ
259 886 333 934 secl
363 879 399 936 et
416 872 680 951 Lincolniensis,
706 873 800 957 apud
821 872 1061 955 walingeford
1085 865 1191 935 ¹diem
1216 872 1315 937 clau·

200 938 225 977 οἰ
262 945 324 977 Μ’
362 973 410 1037 sit
425 980 618 1038 extremum
637 974 758 1056 quinto
781 972 949 1037 kalendas
974 972 1195 1049 Novembris,
1212 973 1313 1056 cujus

363 1092 489 1157 corpus
510 1075 663 1138 delatum
684 1081 738 1138 est
753 1074 845 1157 apud
870 1072 1039 1137 cestriam
1058 1072 1311 1137 tumulandum.

363 1172 537 1238 Successit
552 1175 584 1237 ei
598 1175 635 1238 in
657 1175 857 1238 comitatum
876 1173 1096 1238 cestrensem
1113 1166 1154 1236 ²J
1157 1173 1315 1236 ohannes

363 1293 472 1356 nepos
496 1274 572 1358 ejus
599 1294 644 1338 ex
672 1293 789 1339 sorore
819 1293 895 1351 sua,
921 1293 1023 1356 quem
1051 1273 1171 1354 genuit
1196 1292 1311 1338 comes

364 1373 491 1451 David,
515 1373 623 1439 frater
644 1373 822 1451 willelmi,
847 1375 939 1456 regis
967 1373 1172 1451 Scotorum3
1204 1367 1311 1437 ³alius

363 1482 479 1539 autem
503 1494 610 1557 nepos
635 1474 711 1559 ejus
734 1494 779 1537 ex
800 1494 918 1538 sorore
944 1472 1097 1538 secunda
1121 1472 1312 1538 Lincolniae

364 1575 513 1639 obtinuit
532 1575 734 1640 comitatum
760 1575 855 1638 etde
882 1575 1011 1638 barone
1035 1592 1149 1637 comes
1167 1573 1310 1638 effectus

363 1681 440 1754 est3
472 1695 587 1739 comes
618 1695 753 1758 quoque
777 1674 943 1751 Arundel,
970 1674 1060 1738 alius
1088 1692 1195 1756 nepos
1222 1675 1309 1758 ejuS,

362 1775 571 1857 quingentas
591 1775 734 1840 libratas
751 1782 852 1840 terrae
870 1775 1034 1857 suscepit.

415 1874 518 1939 Circa
549 1875 614 1939 hos
641 1895 780 1959 quoque
806 1875 891 1952 dies,
920 1874 1082 1940 instante
1097 1876 1186 1940 festo
1217 1875 1311 1940 beati

365 1973 523 2053 Martini,
554 1984 759 2058 suggestum
789 1974 857 2040 luit
880 1973 1073 2057 Anglorum
1101 1977 1188 2058 regi,
1215 1975 1309 2058 quod

364 2075 557 2153 Hubertus,
585 2077 758 2159 quondam
780 2074 1010 2159 justiciarius,
1040 2076 1134 2159 apud
1167 2076 1309 2141 Novum

363 2174 546 2258 Templum
577 2176 698 2240 habuit
719 2176 919 2240 thesaurum
947 2195 1016 2239 non
1046 2176 1218 2241 modicum
1246 2177 1310 2240 sub

363 2276 547 2340 eorundem
580 2276 856 2359 Templariorum
898 2275 1055 2341 custodia
1094 2276 1311 2360 deputatum.

362 2375 413 2439 At
433 2396 495 2440 rex
518 2376 721 2458 magistrum
739 2375 876 2459 Templi
902 2377 946 2440 ad
969 2396 1069 2441 suum
1090 2397 1219 2441 vocans
1239 2376 1310 2441 col·

362 2473 517 2557 loquium
539 2477 783 2541 sciscitabatur
799 2476 989 2540 districtius
1009 2479 1053 2540 ab
1078 2496 1119 2541 eo
1135 2478 1166 2541 si
1187 2477 1238 2541 ita
1257 2477 1311 2540 fu-

361 2573 466 2655 isset3
492 2583 529 2640 at
548 2575 619 2654 ille,
648 2598 716 2641 non
741 2595 848 2641 ausus
871 2578 947 2658 regi
966 2577 1148 2642 veritatem
1171 2596 1309 2659 negare,

362 2675 540 2740 coufessus
565 2684 619 2740 est
640 2676 766 2763 [quod]
791 2675 941 2741 babebat
966 2678 1147 2759 pecuniam
1177 2678 1243 2742 sibi
1270 2697 1310 2741 ac

361 2773 526 2840 fratribus
548 2777 620 2840 suis
643 2776 790 2841 fideliter
812 2778 1098 2854 commendatam,
1118 2778 1178 2842 sed
1202 2797 1311 2860 quan-

361 2874 497 2940 titatem
520 2884 555 2942 et
575 2896 754 2941 numerum
778 2877 917 2961 penitus
941 2878 1158 2959 ignorabant.
1209 2879 1309 2942 Tunc

362 2995 424 3039 rex
447 2996 524 3040 cum
549 2977 650 3041 minis
668 2978 869 3059 praedictam
891 2997 912 3040 a
928 2978 1094 3042 fratribus
1116 2979 1246 3061 exegit,
1270 2985 1309 3042 ut

361 3077 541 3157 pecuniam
565 3077 660 3142 illam
675 3078 902 3142 incontinenti
919 3078 985 3141 sibi
1003 3078 1196 3156 redderent,
1212 3098 1307 3142 asse·

361 3195 440 3240 rens
465 3196 541 3242 eam
565 3178 608 3242 de
630 3178 793 3243 thesauro
825 3197 888 3241 suo
915 3177 995 3242 dolo
1021 3178 1127 3243 fuisse
1152 3181 1309 3244 subtrac-

362 3282 458 3356 tam;
494 3278 550 3341 cui
579 3279 830 3361 responderunt
856 3278 994 3356 fratres,
1021 3280 1113 3361 quod
1139 3279 1223 3343 nulli
1250 3300 1310 3362 pe·

361 3377 496 3441 cuniam
514 3378 690 3443 traderent
711 3379 776 3442 sibi
798 3379 831 3441 in
853 3378 920 3442 fide
940 3380 1155 3443 commissam
1178 3381 1309 3463 absque

393 3575 736 3644 'Diemclcasitectremam.]
746 3580 822 3629 Paris
846 3580 948 3629 brother
955 3581 984 3630 ol
989 3581 1101 3630 William
1110 3582 1153 3630 the
1163 3581 1236 3646 Lien,
1247 3583 1310 3646 lring

361 3649 435 3710 adde,
452 3649 516 3710 that,
530 3650 605 3700 when
623 3651 725 3700 Hubert
743 3650 822 3701 heard
847 3650 876 3700 os
884 3651 1012 3714 scotland,
1022 3652 1056 3713 by
1068 3652 1162 3714 Maud,
1172 3653 1247 3703 sister
1258 3655 1309 3703 eud

360 3719 472 3768 thatone
489 3720 518 3768 oi
532 3720 572 3768 hie
592 3726 701 3782 greatest
712 3721 822 3770 enemiee
847 3719 902 3770 heir
918 3720 947 3770 of
961 3721 1003 3771 the
1025 3721 1076 3770 last
1094 3722 1155 3771 earl.
1193 3723 1309 3787 Nicolas,

360 3804 416 3839 was
426 3789 502 3851 dead,
513 3788 544 3838 he
552 3791 703 3852 exclaimed‚
714 3791 822 3852 ‘Propi
847 3791 956 3853 Synops.
967 3791 995 3840 of
1003 3791 1045 3840 the
1057 3792 1181 3854 Peerage.
1237 3834 1239 3838 ,

360 3861 438 3908 tietur
457 3860 481 3908 ei
501 3860 646 3908 Dominus!
682 3861 731 3910 Ille
748 3861 821 3910 homo
881 3858 977 3910 Mlius
992 3896 999 3911 .
1017 3897 1023 3911 .
1041 3897 1048 3912 .
1063 3863 1163 3926 tepea]
1187 3861 1256 3913 John
1275 3864 1308 3913 de

360 3944 432 3979 meus
448 3928 498 3978 fuit
513 3930 546 3979 de
561 3932 678 3980 manibus
696 3931 759 3993 suis,
774 3946 821 3981 nec
845 3930 936 3992 Lacy;
965 3931 998 3980 he
1025 3933 1134 3982 married
1170 3933 1311 3996 Margaret,

359 4003 444 4049 tamen
459 4015 571 4061 unquam
584 4001 646 4050 mihi
662 4001 765 4064 proluit,
775 4003 820 4051 ubi
845 4000 970 4064 daughter
985 4003 1037 4050 and
1052 4001 1107 4051 heir
1121 4001 1151 4052 oi
1167 4003 1262 4052 Rohert
1275 4005 1308 4054 de

360 4071 449 4119 obesse
460 4065 559 4132 potuit?
845 4072 957 4134 Quincy,
976 4072 1029 4121 eorl
1046 4072 1076 4121 oi
1089 4072 1259 4132 winchester,
1273 4076 1309 4141 by

395 4136 557 4204 'dobaanes.]
574 4139 643 4189 John
653 4140 678 4204 le
694 4141 763 4203 Scot,
773 4155 818 4190 son
845 4141 962 4204 Hawise,
971 4140 1054 4191 fourth
1066 4143 1141 4193 sister
1149 4144 1201 4193 and
1211 4144 1309 4195 eo-heir

360 4209 390 4259 of
413 4211 500 4260 David
520 4212 574 4260 earl
595 4210 624 4260 os
643 4210 820 4273 Huntingdcn,
843 4211 922 4261 nithe
933 4213 986 4261 earl
997 4212 1026 4261 of
1034 4211 1158 4277 orestem
1174 4214 1237 4265 ibid.
