2864 4866
440 417 580 466 neonus
604 415 872 465 ursroarnnuu.
1089 399 1133 463 47

182 582 320 656 captam
347 572 552 638 hortabatur
579 574 623 639 ad
656 574 730 639 Nili
758 574 908 639 fluminis
936 575 1130 640 transitum.
1146 592 1269 632 annua

184 673 242 738 Illi
278 681 406 748 autem,
442 694 520 738 cum
555 694 684 756 magno
718 675 873 757 periculo
907 694 970 756 per
1004 675 1131 740 flumen
1146 643 1261 733 diffidis.

183 793 321 839 sursum
356 793 434 837 cum
468 774 614 838 navibus
654 774 880 838 ascendentes
918 775 1010 839 inter
1046 775 1132 840 civi·

184 881 292 939 tatem
319 880 354 937 et
383 873 504 938 turrim
536 882 686 956 captam,
719 874 887 938 machinis
914 873 1066 940 civitatis
1098 882 1134 939 et

184 974 266 1056 igne
282 972 408 1045 Graeco
431 980 514 1037 sunt
530 993 600 1037 non
621 973 840 1038 mediocriter
863 974 1044 1057 impediti3
1072 994 1133 1038 un·

186 1073 228 1137 de
251 1074 388 1148 accidit,
412 1080 452 1137 ut
472 1091 542 1136 una
567 1073 666 1138 navis
690 1073 980 1157 Templariorum,
1002 1075 1037 1139 vi
1060 1083 1132 1139 tor·

184 1174 293 1238 rentis
319 1173 481 1256 impulsa,
502 1192 609 1256 prope
626 1173 738 1256 ripam
761 1175 913 1239 civitatis
929 1182 1033 1257 capta
1048 1175 1134 1238 fuis-

186 1280 251 1351 set,
287 1277 366 1356 quae
403 1292 481 1359 cum
518 1273 793 1356 praecipitaretur
831 1274 875 1338 ad
908 1274 1025 1339 hostes
1055 1293 1133 1338 cum

187 1374 342 1437 barbotis
360 1380 396 1436 et
411 1372 509 1436 uncis
527 1372 646 1438 ferreis
672 1375 784 1456 ipsam
806 1374 936 1438 diutius
952 1375 1133 1457 impugna·

188 1480 280 1550 runt,
302 1474 418 1555 ignem
437 1470 599 1536 Graecum
620 1492 724 1556 super
745 1493 822 1538 eam
848 1474 1068 1558 projicientes
1091 1472 1134 1537 de

190 1574 341 1637 turribus
371 1572 547 1652 civitatis3
580 1580 615 1637 et
647 1592 725 1637 cum
759 1574 961 1656 praevalere,
992 1580 1135 1656 propter

187 1671 404 1737 defensorum
438 1672 630 1749 audaciam,
668 1693 738 1738 non
771 1674 940 1750 valerent,
977 1674 1134 1738 certatim

189 1792 313 1838 navem
338 1773 564 1836 ascendentes
586 1773 754 1837 increduli
778 1774 981 1856 praecipites·
999 1773 1035 1837 in
1059 1792 1134 1836 eam

189 1874 233 1938 ad
258 1872 475 1955 Templarios
511 1872 773 1949 descenderunt,
801 1872 860 1937 ubi
893 1893 971 1936 cum
1005 1871 1135 1936 diutius

186 1979 412 2056 pugnaretur,
429 1972 529 2038 navis
547 1972 685 2037 tandem
700 1971 889 2055 perforata,
906 1973 979 2037 sive
995 1972 1039 2035 ab
1056 1972 1135 2035 hos·

188 2074 292 2150 tibus,
318 2073 392 2137 sivo
420 2091 442 2136 a
467 2071 638 2148 fidelibus
664 2079 704 2136 ut
729 2073 845 2154 potius
869 2071 1030 2146 creditur,
1056 2091 1136 2154 pro·

190 2172 335 2237 fundum
362 2172 513 2236 fluminis
536 2171 682 2256 [petiit],
704 2173 928 2253 submergens
949 2172 1136 2254 AEgyptios

190 2280 226 2338 et
246 2272 475 2349 Christianos,
496 2272 548 2336 ita
570 2280 609 2336 ut
632 2272 694 2337 vix
716 2271 799 2334 mali
827 2272 1008 2337 summitas
1030 2290 1137 2354 appa-

190 2380 304 2452 reret3
336 2379 372 2436 et
391 2372 481 2437 sicut
503 2372 674 2456 Sampson
700 2372 817 2455 plures
838 2372 963 2437 stravit
988 2371 1136 2436 moriens

191 2492 296 2556 quam
318 2472 452 2549 vivens,
473 2472 525 2535 sic
543 2480 579 2536 et
594 2472 653 2536 isti
670 2479 840 2555 martyres
861 2471 991 2536 Christi
1018 2471 1135 2554 plures

189 2591 305 2637 secum
319 2572 355 2636 in
368 2590 470 2654 aquae
481 2572 678 2654 voraginem
690 2579 884 2649 traxerunt,
895 2591 999 2655 quam
1011 2570 1136 2653 gladiis

192 2673 334 2757 perdere
362 2679 559 2754 potuerunt.
610 2670 745 2736 Deinde
771 2679 912 2754 pontem
936 2662 1138 2755 reparantes

190 2773 320 2856 pagani
352 2779 549 2854 aperturam
579 2771 669 2836 adeo
701 2771 916 2854 reliquerunt
941 2778 1138 2853 angustam,

191 2880 346 2937 utnaves
359 2871 509 2936 fidelium
525 2872 600 2936 sine
615 2871 769 2954 periculo
785 2872 935 2936 fluminis
953 2871 1138 2936 ascendere

192 2991 261 3036 non
286 2970 453 3048 valerent,
490 2972 551 3035 sed
582 2972 745 3036 Frisones
776 2979 812 3036 et
841 2970 1037 3049 Teutonici,
1064 2971 1138 3035 zelo

188 3071 295 3155 justae
323 3070 571 3152 indignationis
594 3072 753 3148 accincti,
781 3092 858 3135 cum
889 3071 1013 3155 majori
1044 3070 1137 3146 navi,

193 3171 293 3256 cujus
308 3170 497 3236 ministerio
515 3171 620 3237 turris
637 3178 741 3254 capta
755 3171 880 3247 fuerat,
896 3177 1037 3254 pontem
1054 3168 1138 3234 viri·

193 3270 273 3335 liter
290 3271 516 3351 invaserunt3
546 3271 714 3335 auxilium
736 3271 869 3334 nullum
886 3269 1052 3334 habentes
1070 3269 1138 3333 nisi

193 3369 236 3434 de
261 3371 358 3449 caelo,
384 3370 565 3454 pauciores
593 3389 697 3454 quam
722 3369 839 3434 decem
867 3369 934 3434 viri
964 3370 1138 3452 degente

193 3471 360 3554 predicta
385 3477 507 3535 contra
529 3490 664 3535 omnem
683 3469 919 3535 fortitudinem
947 3468 1139 3554 Babylonis

192 3577 332 3653 pontem
371 3570 608 3649 ascendentes,
644 3577 824 3654 spectante
863 3570 1140 3635 Christianorum

192 3670 414 3734 multitudine
442 3677 477 3734 et
499 3670 589 3734 hanc
616 3672 797 3735 audaciam
819 3671 1004 3754 plurimum
1031 3668 1141 3733 admi-

193 3776 303 3848 rante,
334 3769 511 3852 fregcrunt
543 3770 702 3850 eundern,
735 3779 770 3836 et
802 3771 852 3835 sic
885 3791 964 3834 cum
993 3776 1143 3853 quatuor

195 3870 354 3948 navibus,
370 3890 473 3953 super
490 3889 578 3952 quas
601 3878 677 3935 erat
702 3889 790 3954 pons
811 3869 989 3947 fundatus,
1013 3869 1142 3934 reversi

195 3977 277 4034 sunt
308 3989 385 4033 cum
414 3970 602 4053 triumpho,
632 3972 775 4035 liberam
802 3971 895 4035 viam
922 3977 957 4034 et
987 3977 1143 4052 apertam

196 4069 403 4135 Christianis
437 4089 574 4134 sursum
601 4070 775 4136 velificare
804 4071 1000 4134 volentibus
1038 4069 1142 4133 relin-

197 4177 353 4254 quentes.
406 4170 464 4249 Et,
482 4170 536 4235 his
552 4172 603 4236 ita
619 4171 740 4254 gestis,
758 4170 922 4234 Saraceni
942 4169 1142 4252 periculum,
