2864 4866
387 427 527 477 ruonns
552 427 821 478 ursronmnun.
1015 410 1080 476 269

134 588 482 655 westmonasterium
500 588 623 671 quinto
641 588 719 652 idus
736 587 760 651 J
763 587 825 651 ulii
847 587 891 650 ad
911 586 1078 671 colloqui·
1092 600 1148 641 en·
1159 602 1217 641 ¹2³³·

132 709 202 765 um,
219 695 254 752 et
268 689 316 752 ibi
338 708 400 770 per
421 708 539 751 eorum
565 687 747 751 consilium
766 687 964 750 emendaret
984 688 1080 771 quic·

132 787 216 873 quid
246 788 288 852 de
314 787 394 871 jure
423 794 568 851 noverat
599 787 850 868 corrigendum.
903 786 970 850 Sed
1002 807 1080 852 cum

132 887 309 960 ‘audissent
327 894 508 968 magnates
532 886 681 968 praefati,
707 887 798 970 quod
824 886 993 969 paulatim
1019 905 1081 969 ap-

134 989 329 1071 plicuerunt
350 987 387 1049 in
409 1005 517 1068 regno
546 986 727 1069 praedones
756 987 857 1050 multi
882 1006 960 1051 cum
984 970 1093 1069 equis'

134 1095 170 1152 et
191 1087 296 1151 armis
320 1105 342 1150 a
361 1105 442 1166 rege
461 1086 613 1162 invitati,
636 1106 714 1149 cum
739 1085 872 1149 nullum
890 1086 986 1169 pacis
1010 1087 1082 1168 sig-

135 1207 217 1251 nnm
235 1186 414 1262 vidissent,
432 1185 699 1267 supersederunt
716 1187 760 1251 ad
780 1185 870 1249 diem
886 1186 952 1249 sibi
969 1192 1082 1250 statu-

133 1294 208 1352 tum
222 1287 351 1364 venire,
373 1285 616 1349 denuntiantes
638 1286 712 1368 regi
734 1305 796 1368 per
813 1287 953 1359 nuntios
970 1286 1084 1350 solen-

135 1407 209 1466 nes,
223 1375 407 1470 quatenus,
421 1385 514 1450 omni
529 1385 696 1450 dilatione
709 1393 853 1463 remota,
867 1380 1007 1469 ejiceret
1018 1385 1082 1450 Pe

135 1494 239 1565 trum,
251 1485 525 1573 wintoniensem
547 1485 759 1568 episcopum,
788 1492 824 1550 et
841 1492 985 1549 caeteros
1006 1485 1083 1549 Pic-

136 1596 296 1652 tavenses
313 1586 355 1650 de
372 1584 468 1650 curia
488 1603 564 1662 sua,
588 1585 643 1648 sin
665 1592 792 1662 autem,
812 1585 880 1667 ipsi
900 1605 1019 1649 omnes
1041 1585 1084 1649 de

136 1687 308 1752 communi
326 1685 470 1751 consilio
488 1685 596 1749 totius
616 1686 714 1766 regni
735 1685 848 1766 ipsum
864 1703 942 1748 cum
957 1685 1084 1766 iniquis

135 1785 341 1852 consiliariis
364 1785 438 1849 suis
459 1802 481 1847 a
502 1803 610 1864 regno
634 1783 844 1867 depellerent
869 1791 904 1849 et
928 1785 971 1848 de
995 1804 1084 1850 novo

137 1907 218 1971 rege
234 1885 381 1951 creando
400 1889 602 1949 tractarent.

168 2059 257 2141 Quod
268 2081 323 2124 rec
337 2058 513 2145 duplorum
528 2059 676 2146 quosdam
691 2060 775 2124 ciros
789 2056 901 2124 nobiles
916 2055 1063 2122 mulam.

188 2181 257 2246 His
277 2183 329 2246 ita
347 2183 467 2265 gestis,
485 2204 548 2248 rex
569 2185 684 2248 animo
706 2188 946 2246 consternatus
962 2187 1016 2244 est
1027 2200 1250 2255 vernesmopor

139 2283 316 2347 hementer
333 2290 369 2347 et
386 2282 461 2366 ejus
484 2283 580 2348 ouria
601 2290 688 2358 tota,
711 2283 846 2347 vultum
867 2281 1087 2346 demittentes
1098 2257 1232 2347 dmddi'ldd

139 2389 174 2446 et
188 2401 257 2446 non
278 2383 495 2447 mediocriter
520 2390 724 2459 metuentes,
742 2403 785 2446 ne
802 2381 898 2446 fieret
912 2400 1007 2446 error
1022 2379 1085 2444 filii
1098 2358 1159 2408 ¹¹⁰⁸·

137 2482 246 2564 patris
272 2502 387 2547 errore
405 2482 567 2560 deterior,
588 2503 689 2567 quem
712 2481 867 2546 homines
886 2481 941 2545 sui
958 2479 1000 2545 de
1015 2479 1086 2543 fas-

139 2580 226 2662 tigio
250 2582 348 2664 regni
375 2583 546 2666 deponere
571 2583 790 2664 satagebant.
842 2581 942 2647 Tunc
960 2577 1086 2644 Petrus

139 2700 232 2764 saepe
254 2681 368 2747 dictus
397 2683 581 2766 episcopus
611 2682 791 2746 consilium
817 2681 891 2762 regi
916 2680 1022 2758 dedit,
1048 2687 1088 2744 ut

139 2800 237 2845 arma
260 2789 414 2847 moveret
437 2791 559 2850 contra
582 2782 727 2847 rebelles
749 2781 905 2846 homines
933 2799 1026 2856 suos,
1052 2786 1089 2843 et

139 2881 283 2945 castella
308 2881 492 2946 eorundem
521 2901 562 2946 ac
585 2889 696 2946 terras
719 2880 984 2945 Pictavensibus
1006 2898 1088 2942 con·

140 2980 256 3059 ferret,
289 2982 350 3064 qui
375 3001 519 3064 regnum
544 2980 683 3063 Angliae
710 3000 732 3045 a
756 2981 829 3044 suis
856 2978 1089 3061 proditoribus

142 3086 332 3146 tuerentur.
385 3080 466 3145 Rex
480 3090 596 3145 autem
611 3080 767 3163 inprimis
785 3081 872 3142 iram
887 3084 1090 3160 conceptam

142 3180 178 3244 in
196 3180 411 3246 Gilebertum
428 3181 566 3257 Basset,
576 3181 688 3243 virum
706 3179 867 3255 nobilem,
886 3185 1090 3261 retorquens

144 3275 322 3364 spoliavit¹
342 3301 420 3346 eum
436 3300 458 3345 a
474 3280 624 3364 quodam
644 3280 810 3356 manerio,
829 3278 921 3362 quod
937 3297 983 3341 ex
999 3277 1091 3340 dono

144 3380 167 3444 J
170 3380 316 3446 ohannis
338 3383 429 3464 regis
449 3387 653 3464 acceperat;
676 3380 736 3463 qui
757 3398 834 3443 cum
855 3397 877 3441 a
898 3396 980 3459 rege
999 3376 1092 3459 quod

140 3480 315 3564 jussuum
333 3487 408 3546 erat
424 3487 606 3564 repeteret,
620 3479 761 3545 vocavit
776 3497 854 3543 eum
871 3477 1092 3560 proditorem,

146 3581 372 3658 comminans,
382 3581 487 3663 quod,
499 3581 566 3645 nisi
581 3599 603 3644 a
620 3579 717 3643 ouria
732 3597 796 3642 sua
812 3577 998 3654 recederet,
1016 3594 1092 3640 sus-

143 3680 268 3763 pendio
289 3680 492 3745 traderetur.
546 3679 760 3744 Richardum
782 3697 921 3762 quoque
940 3670 1093 3753 ²Siuard,

181 3869 319 3936 ¹Spollaeit
335 3871 410 3934 eum]
427 3869 556 3920 ‘Sathena
568 3869 607 3919 ta·
632 3869 742 3930 Siward,
752 3869 802 3917 and
819 3868 890 3918 heis
909 3882 938 3918 so
954 3867 1051 3930 spoken
1069 3866 1099 3916 of

145 3943 267 4004 bricante,
285 3975 332 3992 ...
351 3942 438 3990 ordine
453 3940 520 4004 juris
541 3954 608 4001 prae·
632 3938 659 3987 in
676 3939 718 3988 the
736 3938 830 3988 Chron.
847 3939 941 3989 Dunst.
958 3940 985 3986 in
1001 3937 1096 3988 certain

146 4012 270 4074 termisso,
291 4011 324 4061 de
345 4011 450 4061 consilio
472 4010 609 4059 Pictaven-
633 4022 765 4071 passages.
808 4008 862 4056 'l'he
883 4008 946 4070 king
969 4023 1032 4070 gave
1056 4007 1096 4055 his

146 4083 211 4132 sium
218 4082 237 4141 ς’
254 4082 347 4132 Chron.
357 4082 451 4131 Dunst.
462 4094 490 4142 p.
502 4083 558 4128 218.
633 4079 708 4127 lands
730 4077 780 4126 and
802 4077 873 4127 those
900 4078 930 4126 of
953 4078 1046 4127 Basset
1071 4081 1097 4125 to

150 4208 153 4215 ¹
636 4148 888 4202 Peterdelnvaun:
906 4147 1096 4211 Wikes,p.l2;

182 4215 314 4288 ²Sluurd.]
325 4220 415 4271 Wikes
424 4221 478 4271 also
487 4219 550 4270 calls
558 4219 610 4268 him
637 4218 732 4268 Annsl.
740 4218 853 4268 Waverl.
864 4233 891 4280 p.
901 4222 956 4268 196.
996 4243 999 4250 -
