2864 4866
361 393 427 459 242
616 409 752 457 nonunt
776 410 823 457 nu
846 410 1055 459 wnunovnn

412 641 461 706 Do
474 641 672 728 inquisitione
678 640 775 726 foetu
789 662 882 728 sopor
897 640 1097 706 distractione
1105 639 1258 726 profatu.

200 785 325 846 nunu.
409 767 520 832 Facta
530 767 637 849 igitur
652 766 875 849 inquisitione
884 766 927 831 do
939 766 1104 831 violentia
1112 770 1315 840 memorata,

201 837 348 974 {llltillif
365 875 436 933 tam
457 886 478 931 a
502 888 583 950 rege
604 887 708 950 quam
733 868 777 931 ab
803 867 974 950 episcopis
997 874 1032 931 et
1056 865 1316 930 exsecutoribus

201 937 337 1037 iiiiii?
365 967 553 1051 praedictio,
569 975 604 1032 et
621 976 839 1033 sacramento
854 968 1028 1048 mediante
1044 986 1122 1030 cum
1137 965 1317 1030 examina·

366 1069 517 1133 tionibus
534 1075 570 1133 et
585 1069 732 1133 testibus
753 1068 944 1150 productiS,
961 1067 1094 1132 inventi
1113 1074 1195 1130 sunt
1216 1066 1317 1130 multi

365 1176 652 1250 transgressores
671 1167 812 1251 quidam
831 1168 874 1231 de
891 1167 997 1245 facto,
1017 1167 1158 1250 quidam
1176 1168 1220 1230 de
1238 1186 1320 1231 con·

366 1289 482 1347 sensu,
505 1288 652 1352 quorum
674 1268 831 1334 nonnulli
853 1268 1006 1350 episcopi
1029 1274 1129 1332 erant
1150 1274 1186 1331 et
1203 1266 1319 1330 clerici

367 1370 471 1451 regis,
492 1389 570 1434 cum
591 1369 797 1452 quibusdem
819 1367 1070 1433 archidiaconis
1096 1387 1138 1432 ac
1164 1368 1318 1444 decanis,

367 1469 534 1533 militibus
556 1470 659 1533 etiam
687 1477 721 1534 et
744 1467 842 1534 laicis
869 1468 999 1534 multis.
1062 1468 1212 1547 Quidam
1237 1488 1319 1533 vero

368 1569 586 1634 vicecomites
611 1577 789 1634 eteorum
820 1570 998 1651 praepositi
1025 1577 1061 1633 et
1081 1567 1229 1633 ministri
1255 1588 1319 1650 pro

368 1669 487 1735 eodem
501 1689 659 1746 excessu,
675 1690 757 1753 rege
767 1670 924 1753 jubente,
940 1671 1036 1752 capti
1052 1676 1134 1734 sunt
1154 1677 1189 1734 ct
1204 1669 1318 1733 incar·

367 1770 487 1847 cerati,
510 1770 624 1834 etalii
647 1791 721 1853 pree
742 1771 864 1835 timore
885 1770 951 1834 sibi
975 1769 1174 1853 perfugam
1196 1789 1319 1832 cousu-

367 1870 478 1934 lentes
491 1889 513 1934 a
529 1872 762 1953 quaerentibus
779 1890 849 1934 non
866 1870 1006 1935 fuerunt
1018 1870 1164 1934 inventi.
1217 1869 1320 1933 Prin-

367 1971 490 2052 cipalis
508 1977 623 2035 autem
638 1971 769 2034 domini
785 1970 877 2053 regis
893 1970 1110 2054 justiciarius
1135 1969 1318 2034 Hubertns

368 2070 410 2133 de
442 2071 561 2153 Burgo
594 2090 640 2134 ex
667 2071 734 2137 hoc
761 2070 920 2153 arguitur
941 2071 1048 2135 fuisse
1070 2078 1319 2152 transgressor,

367 2171 460 2252 quod
486 2170 706 2253 praedonibus
722 2170 793 2236 illis
808 2177 879 2235 tam
901 2171 1020 2235 literas
1042 2169 1133 2252 regis
1158 2177 1319 2253 patentes

367 2290 470 2353 quam
485 2271 644 2354 proprias
657 2270 874 2347 exhibuerat,
890 2291 933 2335 ne
947 2270 1024 2354 quis
1038 2290 1097 2335 eos
1114 2270 1157 2334 de
1172 2270 1321 2354 praefata

368 2370 532 2435 violentia
545 2372 764 2453 praepediret.
815 2371 924 2436 Venit
944 2378 1114 2454 praeterea
1134 2371 1179 2435 ad
1202 2391 1319 2453 regem

368 2469 458 2534 inter
490 2477 635 2535 caeteros
665 2471 841 2536 Robertus
868 2473 910 2536 de
939 2472 1088 2554 Tuinge,
1108 2472 1207 2536 miles
1230 2478 1320 2536 stre·

368 2588 470 2647 nuus,
497 2571 556 2652 qni
579 2570 657 2635 aliis
679 2572 973 2637 consentientibus
995 2572 1114 2654 fruges
1138 2572 1318 2637 Romano·

368 2689 445 2734 rum
462 2671 664 2736 vendiderat
685 2679 721 2736 et
733 2672 948 2738 Willelmum
968 2671 1107 2738 Witber
1126 2693 1163 2743 se
1187 2672 1318 2745 fecerat

318 2797 322 2802 ·
368 2770 550 2853 appellari,
577 2772 730 2854 quinque
759 2773 949 2838 servientes
975 2780 1128 2838 armatos
1156 2779 1191 2837 et
1213 2773 1318 2857 hujus

368 2870 544 2935 violentiae
590 2880 749 2936 auctores
794 2872 1084 2950 circumduxerat,
1120 2880 1318 2956 protestans

368 2971 561 3048 manifeste,
583 2972 676 3055 quod
697 2973 735 3036 in
757 2972 874 3036 odium
902 2972 1140 3038 Romanorum
1158 2981 1194 3038 et
1210 2994 1318 3039 causa

363 3068 471 3153 justae
494 3072 637 3137 ultionis
660 3079 896 3154 transgressus
922 3073 1048 3151 fuerat,
1070 3075 1130 3157 qui
1157 3095 1219 3157 per
1238 3094 1317 3140 sen-

367 3171 513 3236 tentiam
545 3171 696 3237 Romani
723 3173 896 3255 pontificis
924 3182 959 3239 et
985 3173 1107 3238 fraude
1132 3175 1318 3241 manifesta
1365 3247 1368 3252 ,

368 3271 567 3336 nitebantur
584 3292 661 3336 eum
684 3274 728 3336 ab
752 3273 866 3351 unica,
890 3293 994 3357 quam
1015 3274 1147 3352 babuit,
1171 3275 1319 3340 ecclesia

366 3371 539 3453 spoliare3
568 3372 702 3437 addidit
721 3374 838 3452 etiarn,
855 3374 948 3456 quod
974 3375 1097 3440 maluit
1113 3375 1156 3438 ad
1182 3382 1318 3459 tempus

366 3470 496 3553 injuste
528 3474 830 3550 excommunicari,
864 3493 968 3556 quarn
999 3493 1021 3539 a
1053 3494 1118 3539 suo
1150 3476 1317 3542 beneficio

367 3570 441 3634 sine
459 3570 604 3654 judicio
623 3573 776 3655 spoliari.
821 3574 923 3637 Tunc
946 3595 1009 3638 rex
1036 3581 1071 3638 et
1093 3584 1316 3641 exsecutores

366 3670 503 3751 praefati
520 3672 622 3734 militi
643 3671 811 3738 dederunt
830 3674 1024 3752 consilium,
1046 3682 1097 3752 ut,
1119 3677 1178 3759 qui
1199 3677 1236 3739 in
1256 3697 1315 3741 ca·

365 3788 489 3833 nonem
515 3770 597 3834 latae
621 3773 802 3838 sententiae
823 3774 1003 3853 inciderat,
1026 3774 1175 3841 Romam
1201 3777 1316 3842 absol-

365 3869 497 3942 vendus
525 3878 737 3953 properaret,
763 3880 798 3937 et
817 3873 879 3958 jus
904 3895 1004 3939 suum
1030 3895 1146 3941 coram
1175 3877 1314 3942 domino

363 3987 456 4052 papa
478 3970 729 4053 protestaretur
746 3980 781 4039 et
795 3976 887 4058 quod
903 3976 1082 4040 ecclesiam
1100 3976 1197 4060 juste
1219 3979 1313 4060 pari·

362 4075 416 4131 ter
448 4077 482 4135 et
506 4072 671 4135 canonice
692 4072 910 4156 possidebat3
943 4075 1038 4140 dedit
1059 4077 1165 4141 etiam
1188 4078 1219 4141 ei
1247 4098 1310 4142 rex

360 4167 478 4234 literas
501 4171 544 4234 ad
573 4192 700 4255 papam
722 4175 971 4241 testimoniales
993 4176 1132 4260 dejure
1155 4198 1231 4256 suo,
1254 4179 1315 4243 de·
