2864 4866
416 398 556 446 rnonns
582 399 855 450 fflsromnnuu.
1041 386 1105 450 231

157 562 213 619 tra
226 562 308 619 sunt
318 555 476 619 incendio
487 557 724 640 subjacebunt,
738 563 773 620 et
784 556 1005 621 nihilominus
1016 559 1106 640 peri·
1119 573 1241 614 Ant-12³1·

156 657 283 733 culum,
302 657 394 739 quod
412 656 582 721 Romanis
601 658 756 721 imminet
776 658 811 719 in
823 658 991 739 personis,
1006 661 1105 723 vobis

157 757 359 821 imminebit.
403 756 553 821 Valete.'
616 757 684 821 His
713 758 764 821 ita
790 758 911 838 gestie,
939 760 1106 840 praedicta

116 893 118 898 ·
156 857 364 921 universitas
388 857 483 921 misit
501 877 562 940 per
584 858 711 922 milites
733 864 769 922 et
786 859 962 923 ministros
985 859 1104 924 literas

157 957 220 1020 has
238 977 330 1021 novo
348 958 497 1040 quodam
514 958 629 1039 sigillo
652 959 822 1040 signataS,
839 959 875 1021 in
892 978 962 1042 quo
977 960 1104 1042 sculpti

157 1064 256 1121 orant
278 1059 346 1122 duo
369 1057 488 1140 gladii,
511 1067 547 1122 et
570 1059 661 1122 inter
683 1059 817 1140 gladios
839 1060 1006 1141 scriptum
1029 1069 1105 1125 erat

156 1158 267 1222 ‘Ecce
284 1159 352 1222 duo
375 1149 482 1240 gladii
504 1158 583 1235 hic,’
607 1159 643 1221 in
667 1159 805 1222 modum
831 1159 1033 1223 citationum
1061 1161 1104 1224 ad

156 1258 318 1322 ecclesias
333 1259 431 1341 regni
448 1258 672 1334 cathedrales,
693 1265 745 1336 ut,
759 1260 789 1323 si
806 1279 893 1342 quos
910 1261 1105 1325 invenirent

155 1358 438 1436 contradictores,
454 1359 560 1442 juxta
586 1360 677 1441 quod
703 1361 878 1442 provisum
901 1359 1016 1424 fuerat
1039 1382 1104 1444 pu-

155 1460 269 1523 nirent
286 1479 357 1523 eos

167 1633 216 1696 De
230 1633 363 1719 quodam
378 1634 553 1698 emsistorio
566 1634 654 1720 apud
666 1643 805 1699 sunctum
815 1632 975 1699 Albanum
987 1633 1103 1712 debito,

446 1735 677 1820 adorantium
693 1734 808 1800 sinoti.

198 1860 268 1925 Per
281 1860 372 1925 idem
389 1868 536 1944 tempus
547 1861 680 1925 decimo
698 1867 798 1925 sexto
814 1858 981 1924 kalendas
995 1858 1018 1923 J
1021 1878 1103 1922 anu·
1117 1877 1139 1968 d
1144 1881 1206 1968 effi
1208 1877 1266 1968 higna

155 1962 230 2039 arii,
248 1962 403 2026 habitum
421 1968 475 2025 est
493 1962 586 2044 apud
608 1969 767 2025 sanctum
784 1959 958 2024 Albanum
981 1961 1104 2041 ingens
1117 1978 1266 2028 brtnepope’s

154 2062 395 2127 consistorium
410 2064 585 2139 abbatum,
597 2063 763 2144 priorum,
776 2061 1104 2138 archidiaconorum,
1118 2030 1224 2070 mmm

156 2183 234 2226 cum
266 2169 341 2226 tota
371 2163 442 2226 fere
472 2163 653 2227 nobilitate
675 2162 773 2244 regni
800 2162 1045 2243 magistrorum
1070 2170 1106 2225 et

156 2264 370 2340 clericorum,
399 2264 458 2345 qui
481 2283 599 2327 omnes
628 2263 672 2326 ad
700 2262 765 2325 hoc
787 2268 1022 2326 convenerunt
1044 2281 1106 2343 per

155 2364 355 2428 mandatum
371 2363 499 2427 domini
516 2383 628 2446 papae,
640 2369 680 2427 ut
689 2362 902 2426 celebrarent
918 2362 1105 2426 divortium

155 2466 245 2529 inter
261 2465 472 2528 comitissam
490 2463 646 2528 Essexiae
663 2471 699 2527 et
709 2463 820 2526 virum
836 2483 949 2539 suum,
969 2462 998 2525 si
1014 2463 1104 2526 ratio

156 2565 191 2628 id
207 2565 365 2629 dictaret.
399 2563 443 2626 In
457 2565 609 2628 crastino
622 2570 751 2639 autem,
761 2563 966 2627 consistorio
977 2562 1104 2640 soluto,

153 2685 231 2729 cum
248 2664 377 2747 singuli
393 2663 545 2728 redirent
563 2664 607 2728 ad
629 2664 781 2746 propria,
803 2663 948 2727 clericus
965 2661 1104 2745 quidam

156 2764 349 2841 Romanus,
374 2765 510 2829 nomine
536 2758 706 2841 'Cincius
730 2764 789 2846 qui
816 2763 970 2827 ecclesiae
992 2762 1105 2825 sancti

156 2864 260 2928 Pauli
281 2865 538 2930 Londoniarum
557 2871 633 2929 erat
657 2864 854 2941 canonicus,
875 2883 938 2945 per
958 2860 1104 2945 proedic-

156 2974 227 3030 tam
245 2967 519 3041 universitatem,
534 2971 574 3029 ut
589 2964 751 3041 creditur,
775 2984 844 3027 non
866 2963 969 3045 longe
987 2982 1008 3025 a
1023 2961 1105 3026 villa

155 3067 267 3131 sancti
296 3065 425 3130 Albani
456 3073 579 3149 captus
617 3072 670 3130 est
705 3072 740 3129 et
768 3064 939 3128 abductus
969 3082 990 3125 a
1021 3062 1105 3126 viris

156 3168 298 3232 armatis
321 3175 357 3231 et
385 3166 557 3249 capitibus
583 3166 730 3243 velatis3
766 3165 827 3229 sed
852 3164 1018 3246 magister
1042 3160 1065 3225 J
1068 3182 1106 3225 o-

156 3268 287 3332 hannes
314 3266 547 3343 FlorentinuS,
574 3265 808 3330 Norwicensis
833 3264 1106 3338 archidiaconus,

155 3368 215 3451 qui
231 3367 312 3431 huic
329 3367 534 3432 consistorio
550 3366 673 3443 adfuit,
689 3367 732 3429 ab
756 3365 821 3429 hac
843 3365 1002 3446 captione
1025 3382 1104 3426 eva-

156 3470 214 3545 sit,
240 3475 276 3532 et
304 3468 347 3532 ad
374 3469 493 3531 urbem
523 3467 781 3531 Londoniarum
807 3465 942 3546 fugiens
969 3462 1107 3527 delituit

154 3568 281 3632 ibidem
298 3568 415 3632 multis
432 3568 561 3632 diebus.
606 3565 746 3631 Cincius
764 3584 846 3629 vero
861 3569 940 3646 post
954 3563 1106 3646 quinque

155 3669 379 3752 septimanas,
414 3668 585 3731 crumenis
613 3666 802 3740 evacuatis,
833 3671 872 3727 ut
900 3663 1037 3739 dicitur,
1061 3662 1105 3724 ad

156 3771 275 3833 urbem
300 3768 559 3833 Londoniarum
582 3786 687 3832 sanus
706 3774 742 3830 et
767 3764 950 3829 incolumis
974 3770 1028 3827 est
1052 3783 1105 3825 re-

156 3869 291 3934 ductus

1035 3993 1096 4007 .-ἒ»»-Ἰ

400 4065 408 4098 ¹
419 4065 541 4129 Cincius]
566 4065 659 4114 Chion.
671 4065 765 4118 Dunst.
777 4082 803 4128 p.
811 4069 868 4114 206.
