2864 4866
443 418 584 468 nnonns
610 417 883 469 nrsroarrnuu.
1089 401 1134 466 73

186 597 270 643 neos
289 577 458 642 hactenus
480 576 527 640 sit
547 595 759 658 processum,
781 574 984 659 paternitati
1006 561 1132 640 vestrae
1145 590 1268 634 rnna

184 677 295 741 literis
312 674 540 760 praesentibus
556 675 783 740 declaramus,
831 674 865 738 N
867 675 1009 740 overitis
1025 674 1134 757 igitur
1174 691 1176 694 ·

186 777 279 860 quod
297 776 334 840 in
355 777 466 859 primo
488 776 651 858 passagio
674 782 755 858 post
771 775 966 857 captionem
988 773 1133 858 praedic·

186 884 257 941 tarn
282 877 374 959 apud
398 875 597 940 Damietam
616 882 670 946 tot
689 875 861 958 peregrini
882 874 1135 957 applicuerunt,

187 976 280 1059 quod
297 996 367 1040 una
384 995 462 1040 cum
474 975 613 1040 residuo
633 976 842 1039 remanentis
861 974 1036 1039 exercitus
1055 994 1135 1057 pos-

188 1077 260 1139 sint
277 1074 432 1140 sufficere
455 1076 499 1138 ad
526 1074 749 1138 munitionem
771 1073 944 1137 Damietae
966 1080 1002 1138 et
1018 1073 1135 1137 desen·

189 1176 320 1240 sionem
351 1181 557 1240 castrorum.
625 1174 796 1237 Dominus
829 1173 966 1256 quidem
998 1173 1135 1255 legatus

190 1293 260 1338 una
294 1294 373 1338 cum
411 1273 514 1351 clero,
556 1272 804 1356 promotionem
840 1273 1015 1337 exercitus
1048 1272 1135 1336 Jesu

191 1373 321 1438 Christi
345 1381 557 1458 praeoptans,
579 1372 744 1456 populum
768 1372 897 1454 pluries
924 1392 966 1436 ac
992 1371 1138 1454 diligen·

188 1481 244 1541 ter
273 1473 454 1538 admonuit
483 1472 525 1537 de
554 1473 711 1537 faciendo
739 1473 899 1555 equitatu
929 1491 1034 1554 super
1059 1472 1136 1535 infi-

190 1573 297 1652 deles,
330 1573 391 1637 sed
421 1574 568 1637 barones
601 1571 787 1650 exereitus,
815 1579 886 1636 tam
918 1571 1137 1637 transmarini

191 1693 296 1756 quam
319 1672 506 1750 cismarini,
532 1672 790 1738 considerantes
815 1672 907 1754 quod
930 1677 1051 1754 gentes
1073 1691 1136 1735 ex-

192 1773 320 1837 ercitus
353 1774 397 1836 ad
431 1772 655 1836 munitionem
685 1771 854 1836 dictarum
886 1772 1067 1835 civitatum
1101 1778 1137 1835 et

192 1880 395 1951 castrorum,
414 1871 513 1938 etad
533 1890 753 1955 progressum
774 1872 921 1935 ulterius
944 1870 1135 1935 faciendum

192 1973 236 2037 ad
260 1972 532 2037 Christianitatis
559 1971 756 2048 utilitatem,
783 1990 850 2034 non
878 1977 1021 2052 possent
1045 1967 1138 2033 suffi-

193 2092 283 2150 cere,
308 2073 344 2135 in
379 2072 444 2136 hoc
478 2071 672 2136 consentire
704 2071 915 2149 noluerunt3
968 2069 1139 2133 Soldanus

194 2173 285 2236 enim
307 2173 510 2256 Babyloniae
536 2191 615 2235 cum
638 2169 775 2235 infinita
798 2169 1005 2252 perfidorum
1025 2169 1140 2233 multi-

193 2272 313 2337 tudine
332 2292 402 2336 non
419 2272 522 2355 longe
537 2290 559 2335 a
574 2270 737 2336 Damieta
754 2276 1018 2335 castrametatus
1036 2288 1140 2351 super

192 2379 377 2454 utrumque
405 2371 556 2435 fluminis
586 2369 763 2434 brachium
793 2377 915 2452 pontes
943 2369 1139 2434 construxit

193 2473 238 2537 ad
260 2471 513 2555 impediendum
534 2470 809 2536 Christianorum
830 2489 1064 2552 progressum,
1080 2470 1139 2551 qui

194 2592 272 2638 cum
294 2579 393 2637 tanta
424 2570 644 2636 multitudine
671 2570 796 2634 ibidem
824 2577 1007 2653 exspectat
1026 2588 1139 2634 arma·

195 2681 321 2750 torum,
356 2671 447 2755 quod
484 2671 675 2736 maximum
704 2670 894 2753 periculum
921 2669 964 2734 de
994 2670 1139 2733 ulterius

194 2771 381 2854 equitando
400 2771 557 2835 fidelibus
577 2771 782 2835 immineret.
833 2769 1071 2834 Veruntamen
1091 2769 1140 2831 ei·

195 2872 338 2936 vitatem
368 2871 568 2955 praedictam
599 2877 634 2934 et
659 2877 775 2933 castra
808 2868 948 2932 fossatis
978 2874 1014 2931 et
1042 2868 1141 2932 littus

198 2970 349 3053 undique
388 2971 608 3045 munivimus,
649 2974 892 3050 exspectantes
932 2987 954 3031 a
992 2967 1142 3031 Domino

196 3071 368 3135 consolari
395 3090 458 3153 per
484 3069 674 3132 subsidium
701 3067 800 3132 nobis
827 3067 1080 3132 advenientium
1106 3067 1142 3129 in

197 3190 426 3248 succursum3
458 3167 518 3232 sed
545 3167 721 3244 Saraceni,
747 3174 902 3230 nostrum
929 3165 1142 3248 perpenden-

199 3278 251 3334 tes
268 3270 450 3345 desectum,
474 3267 695 3350 quamplures
716 3272 938 3330 armaverunt
960 3265 1090 3346 galeias
1109 3272 1144 3329 et

197 3389 313 3434 mense
340 3368 554 3452 Septembrio
584 3386 643 3431 eas
670 3367 921 3430 constituerunt
947 3384 1009 3447 per
1037 3384 1143 3442 mare,

198 3489 276 3552 quae
303 3468 508 3534 Christianis
533 3469 567 3530 in
593 3466 782 3530 subsidium
806 3472 907 3528 terrae
935 3471 1065 3528 sanctae
1083 3464 1144 3527 ad·

199 3570 421 3635 tentantibus
453 3567 580 3631 damna
613 3566 777 3630 immania
806 3564 1006 3628 intulerunt.
1051 3562 1146 3626 Tan-

199 3676 256 3734 tus
276 3669 423 3734 enimin
445 3665 597 3730 exercitu
625 3672 742 3729 nostro
769 3672 844 3728 erat
863 3663 1017 3728 defectus
1040 3682 1145 3745 pecu·

199 3768 278 3848 niae,
304 3766 396 3851 quod
426 3765 558 3848 galeias
587 3773 724 3829 nostras
757 3783 820 3846 per
846 3763 986 3846 aliquod
1012 3770 1146 3845 tempus

198 3888 361 3951 magnum
386 3874 502 3931 tenere
529 3885 599 3929 non
631 3865 819 3946 potuimus
885 3863 1144 3944 comperientes

200 3970 306 4051 igitur
331 3987 394 4050 per
414 3966 600 4049 praedictas
620 3963 869 4027 Saracenorum
894 3962 1025 4043 galeias
1048 3981 1147 4025 exer-

202 4068 287 4135 citui
305 4065 503 4132 Christiano
521 4065 711 4129 maximum
728 4064 904 4126 imminere
921 4061 1148 4144 dispendium,

203 4169 334 4253 galeias
361 4174 498 4232 nostras
526 4175 562 4230 et
584 4165 739 4247 galiones
766 4164 903 4245 aliaque
926 4182 1011 4228 vasa
1029 4162 1148 4225 incon-
