2864 4866
418 429 557 478 neonus
582 430 851 482 ursroumnuu.
1052 418 1118 482 225

162 585 268 650 castri
285 584 453 663 Matildis,
467 584 654 651 honorifice
667 595 749 652 sunt
763 589 806 652 ab
823 609 864 651 eo
881 589 1022 671 recepti.
1052 591 1115 654 Ri-
1128 601 1251 645 A·1>·¹2³¹·

163 684 312 749 chardus
331 707 413 751 vero
438 687 678 765 Marescallus,
702 709 739 752 se
761 689 834 770 regi
861 700 1113 771 repraesentans

163 792 202 849 ut
221 785 392 850 haeredem
412 787 530 852 fratris
550 790 604 852 sui
624 788 791 853 Willelmi
817 789 1028 867 Marescalli,
1052 793 1113 855 ob-

162 885 243 950 tulit
258 887 331 968 regi
353 907 416 971 pro
439 888 640 952 haereditate
662 908 727 952 sua
743 889 941 971 homagium
959 900 1113 955 suomet

162 986 324 1068 quicquid
338 989 369 1050 ei
385 988 427 1052 de
438 988 519 1072 jure
532 1007 596 1052 suo
612 987 725 1052 facere
741 990 934 1054 tenebatur.
967 988 1033 1053 Cui
1047 985 1112 1056 ¹re-

162 1087 335 1169 spondens
359 1106 434 1165 rex,
457 1108 519 1171 per
546 1089 726 1152 consilium
746 1088 897 1153 Huberti
923 1092 1110 1156 consiliarii

162 1187 216 1250 sui
241 1206 283 1250 ac
300 1187 498 1271 justiciarii,
527 1188 618 1271 quod
641 1189 800 1253 audierat
826 1210 969 1254 uxorem
992 1191 1109 1255 fratris

160 1286 214 1350 sui
237 1286 390 1353 defuncti
410 1309 486 1353 esse
508 1297 757 1371 praegnantem,
780 1289 871 1353 uude
899 1291 1009 1354 noluit
1031 1311 1109 1355 eum

160 1387 291 1464 audire,
332 1389 440 1452 donec
475 1389 524 1452 rei
556 1389 685 1453 veritas
720 1392 948 1472 probaretur3
981 1391 1108 1476 objecit

158 1488 262 1551 etiam
284 1489 394 1552 eidem
418 1488 607 1565 Richardo,
629 1490 721 1571 quud
748 1498 971 1555 conversatus
995 1490 1109 1556 fuerat

159 1587 248 1652 inter
264 1588 380 1653 hostes
398 1608 480 1653 suos
495 1589 651 1672 publicos
677 1589 713 1652 in
731 1591 888 1673 partibus
904 1590 1108 1670 Gallicanis,

160 1688 250 1754 unde
275 1709 336 1753 rex
358 1690 536 1773 praecepit,
559 1695 599 1752 ut
618 1690 687 1753 cito
708 1691 750 1754 de
771 1711 878 1772 reguo
897 1711 966 1754 non
991 1712 1107 1757 rever-

158 1807 259 1852 surus
272 1790 395 1867 exiret,
407 1788 594 1866 affirmans,
606 1788 711 1872 quod,
728 1797 808 1872 post
823 1791 895 1854 dies
911 1792 1105 1872 quindecim

158 1888 221 1970 [si]
238 1890 451 1954 inveniretur
467 1890 504 1952 in
520 1909 640 1972 regno,
661 1888 791 1954 carceri
808 1897 976 1973 perpetuo
992 1892 1108 1954 trade-

157 1995 262 2053 retur.
313 1989 364 2055 At
380 1988 587 2066 RicharduS,
603 2009 679 2053 cum
698 1990 791 2054 aliud
808 2010 876 2053 non
893 1990 1035 2055 haberet
1052 2012 1106 2055 re-

156 2107 334 2170 sponsum,
356 2090 595 2155 transfretavit
609 2090 645 2153 in
664 2089 881 2168 Hiberniam,
905 2091 964 2155 ubi
989 2111 1106 2156 omues

157 2189 282 2253 milites
303 2197 338 2254 et
356 2190 511 2255 homines
530 2191 646 2254 fratris
673 2191 727 2253 sui
750 2191 846 2253 illum
875 2210 953 2253 cum
978 2192 1106 2272 gaudio

157 2289 360 2373 recipientes
389 2279 611 2354 reddiderunt
639 2290 755 2355 omnia
781 2290 813 2353 ei
838 2291 995 2368 castella,
1026 2311 1104 2373 quae

157 2396 255 2454 eraut
271 2389 387 2454 fratris
405 2391 471 2467 sui,
493 2390 760 2473 homagiumque
781 2389 832 2453 illi
845 2410 923 2453 cum
939 2391 1104 2456 fidelitate

156 2489 336 2570 fecerunt3
370 2489 551 2555 castellum
580 2489 684 2554 etiam
716 2490 759 2554 de
786 2490 944 2555 Penbroc
973 2492 1010 2555 in
1040 2511 1105 2555 sua

154 2596 327 2672 potestate
349 2589 529 2675 recipiens
556 2610 635 2654 cum
659 2596 734 2654 toto
757 2589 886 2654 honore
912 2588 956 2654 ad
975 2591 1103 2655 castel·

155 2688 225 2753 lum
242 2692 447 2774 pertinente,
457 2691 598 2772 collegit
609 2689 862 2754 multitudinem
879 2698 1104 2769 armatorum,

154 2789 389 2856 haereditatem
415 2811 527 2868 suam,
549 2791 654 2855 ctiam
677 2790 788 2855 invito
815 2811 908 2874 rege,
934 2791 964 2854 si
987 2811 1103 2855 neces·

153 2891 238 2955 sitas
254 2899 405 2974 cogeret,
423 2891 612 2975 subjugare
621 2890 818 2973 disponens.
856 2890 1014 2955 Tandem
1028 2911 1104 2969 rex,

99 2983 102 2989 ’
154 2998 288 3093 mimate
313 2992 471 3068 consilio,
503 2997 659 3055 metuens
689 3010 733 3053 ue
760 3009 879 3072 pacem
906 2991 1003 3071 regni
1031 2998 1103 3054 tur-

152 3090 263 3169 baret,
280 3091 433 3175 suscepit
457 3091 657 3174 homagium
681 3090 757 3175 ejus
779 3097 814 3154 et
830 3090 1045 3166 fidelitatem,
1068 3098 1103 3155 ot

153 3191 184 3254 ei
209 3193 324 3257 omnia
339 3193 421 3278 jura
442 3211 519 3271 sua,
549 3191 648 3256 salvo
676 3189 742 3254 sibi
771 3191 899 3256 relevio
926 3196 1104 3268 consueto,

153 3293 334 3357 concessit.

153 3468 242 3549 Quod
249 3467 438 3549 Richardaa,
453 3468 689 3534 Ooataoriaasis
704 3465 960 3553 archiepiscopos,
971 3465 1103 3530 Romam

410 3570 570 3655 prffaetas
584 3568 619 3633 io
633 3568 737 3632 aedita
752 3565 836 3632 odiit.

202 3695 310 3761 Venit
332 3697 397 3761 hoc
422 3703 575 3779 tempore
595 3695 637 3758 ad
664 3694 795 3757 curiam
822 3692 1018 3755 Romanam
1039 3687 1103 3751 Ri-
1114 3701 1270 3800 fflghsotpgf

151 3795 312 3874 chardus,
329 3795 589 3860 Cantuariensis
607 3795 899 3876 archiepiscopus,
914 3797 948 3854 et
963 3791 998 3853 in
1015 3808 1103 3872 prae·
1115 3804 1251 3851 canterma·

151 3897 264 3960 sentia
274 3897 403 3961 domini
422 3895 555 3978 [papae]
571 3896 645 3959 haec
661 3893 844 3977 proposuit
858 3910 936 3974 quae
952 3909 1103 3972 sequun-

186 4101 357 4169 ¹Reapoadeas
373 4099 446 4172 rem]
470 4103 615 4153 ‘Ricardus
640 4103 697 4152 dem
719 4102 894 4151 haereditatem
911 4113 984 4148 suam
999 4112 1104 4157 recupe-

150 4176 379 4236 Marescallus,qui
391 4191 437 4237 per
447 4175 566 4236 injustam
574 4173 615 4220 di·
640 4188 695 4222 rare
713 4166 872 4235 promeruit3’
899 4169 994 4220 Chron.
1009 4169 1104 4216 Duust.

149 4247 267 4296 lationem
276 4245 351 4294 valde
363 4245 550 4306 damnificatus,
557 4248 613 4292 tan-
641 4259 667 4305 p.
677 4247 734 4292 2⁰5.

200 4337 280 4384 ven.
298 4337 347 4382 ιν.
444 4354 449 4362 -
930 4333 952 4388 ρ
