2864 4866
192 885 218 971 ΔΙ.
220 884 248 923 D.
258 884 316 925 1229.

190 996 215 1073 phi
206 945 304 1031 lreceding

190 1035 226 1073 the
235 1043 333 1082 recovery

192 1133 260 1173 Laud.

349 403 415 469 194
606 416 740 464 uocum
764 418 811 465 nn
834 415 1040 465 wuunovan

401 648 451 714 De
467 648 565 734 siquis
573 646 813 731 precedentibus
827 648 908 712 danic
929 649 1148 737 restitutionem
1163 657 1252 712 terre

764 757 886 813 sanctae.

405 873 606 938 Notandum
625 893 708 938 vero
730 875 810 938 est
800 895 837 938 m
856 874 922 938 hac
941 881 1042 938 terrac
1065 873 1302 955 promissionis

354 981 390 1037 et
399 973 620 1037 Hierusalem
633 981 762 1038 sanctae
776 975 927 1040 civitatis
944 963 1161 1038 restitutione
1172 972 1302 1055 populo

191 1083 323 1132 ordesos
356 1073 566 1150 christiano,
584 1074 676 1156 quod
696 1075 786 1138 sicut
805 1082 886 1139 ante
908 1073 974 1138 hoc
996 1074 1155 1156 generale
1180 1072 1302 1154 gaudi·

353 1194 412 1237 um
434 1182 468 1237 et
483 1174 591 1238 totius
610 1172 883 1239 Christianitatis
900 1174 1090 1256 tripudium
1109 1173 1301 1237 astronomi

355 1272 541 1337 Tholetani
569 1274 779 1355 scripserunt
805 1274 847 1338 de
878 1275 1095 1357 planetarum
1130 1292 1300 1336 concursu

355 1380 391 1438 ct
409 1379 589 1438 ventorum
608 1380 680 1438 tam
703 1373 910 1438 horrendum
931 1373 1111 1450 diluvium,
1132 1373 1184 1436 ita
1209 1372 1302 1454 quod

347 1480 488 1539 ,starent
513 1472 617 1536 simul
647 1491 724 1536 cum
752 1480 854 1538 terrae
884 1480 981 1538 motu
1005 1480 1041 1536 et
1069 1471 1201 1554 eclipsi,
1228 1479 1300 1536 tam

355 1573 438 1637 solis
459 1591 564 1655 quam
588 1570 693 1648 lunae,
709 1572 806 1648 velut
825 1572 929 1655 paulo
952 1572 1110 1655 superius
1132 1574 1169 1635 in
1194 1573 1303 1653 gestis

355 1670 458 1755 hujus
483 1672 566 1734 anni
587 1672 754 1753 scriptum
774 1679 840 1748 est,
855 1673 973 1736 eodem
989 1673 1091 1737 modo
1109 1680 1189 1736 ante
1207 1671 1301 1754 ejus·

346 1771 432 1835 dem
454 1778 555 1835 terrae
586 1778 718 1834 sanctae
748 1779 783 1835 et
805 1772 916 1836 crucis
950 1773 1141 1837 Dominicae
1168 1771 1300 1853 captio-

356 1891 434 1935 nem
456 1890 477 1933 a
498 1870 697 1948 Salaadino,
714 1871 789 1935 viro
800 1872 943 1954 'perfido
957 1879 993 1936 et
1008 1879 1160 1946 cruento,
1178 1879 1213 1935 et
1230 1871 1303 1948 alii,

352 1970 415 2052 qui
446 1976 530 2034 tunc
560 1970 700 2034 fuerunt
727 1972 916 2035 astronomi
949 1971 1102 2054 ejusdem
1136 1971 1300 2049 civitatiS,

356 2069 567 2152 scripserunt
583 2069 721 2134 domino
743 2090 846 2154 papae
870 2070 1040 2135 Clementi
1062 2069 1210 2134 subhac
1233 2069 1303 2133 for·

356 2189 434 2248 ma3
461 2167 541 2232 ‘Ab
568 2189 662 2233 anno
687 2171 868 2252 praesentis
889 2169 1138 2235 incarnationis
1160 2169 1302 2233 Domini

355 2269 466 2333 nostri
480 2268 503 2332 J
506 2287 567 2332 esu
580 2268 722 2346 Christi,
735 2271 795 2352 qui
812 2277 866 2334 est
880 2270 1081 2334 millesimus
1094 2270 1302 2333 centesimus

356 2369 631 2450 septuagesimus
659 2388 784 2447 nonus,
812 2387 921 2452 usque
952 2371 989 2433 in
1020 2376 1151 2451 septem
1180 2387 1304 2446 annos,

350 2487 474 2530 mense
491 2467 695 2549 Septembri,
711 2467 783 2533 sole
802 2471 975 2534 existente
996 2469 1032 2533 in
1051 2469 1157 2532 Libra
1172 2475 1207 2532 et
1222 2488 1302 2533 cau-

347 2566 402 2630 da
423 2567 607 2643 Draconis,
624 2569 701 2645 erit,
719 2568 748 2631 si
769 2570 866 2634 Deus
884 2571 957 2652 pati
973 2569 1133 2646 voluerit,
1153 2587 1304 2634 conven-

356 2667 406 2730 tio
428 2666 646 2748 planetarum
665 2669 701 2730 in
724 2667 830 2733 Libra
851 2677 886 2733 et
902 2669 1014 2733 cauda
1036 2665 1221 2745 Draconis,
1241 2669 1302 2733 sed

356 2771 410 2829 cst
424 2765 634 2830 admirabilis
650 2787 719 2831 non
734 2769 949 2833 mutabilium
971 2786 1085 2832 rerum
1101 2769 1302 2842 mutationis

356 2864 598 2946 significantia.
644 2866 815 2950 Sequetur
828 2875 930 2932 terrae
945 2876 1060 2932 motus
1076 2868 1249 2944 terribilis,
1267 2875 1303 2932 et

356 2964 579 3028 destruentur
607 2965 685 3030 loca
716 2974 883 3032 consueta
914 2967 1118 3051 perditionis
1146 2986 1210 3049 per
1238 2967 1301 3030 Sa·

356 3070 495 3127 turnum
520 3073 555 3128 et
573 3064 735 3144 Martem,
757 3073 936 3131 manentes
957 3067 995 3129 in
1022 3067 1131 3148 signis
1159 3064 1245 3129 atris
1268 3074 1304 3130 et

356 3163 550 3228 mortalitas
568 3172 604 3229 et
616 3165 809 3230 infirmitas.
862 3166 1032 3231 Ostendet
1045 3167 1149 3230 etiam
1165 3185 1208 3230 ea
1224 3184 1304 3230 con·

351 3262 487 3345 junctio
508 3271 649 3328 ventum
672 3264 837 3342 validum,
859 3265 1098 3348 denigrantem
1129 3284 1244 3329 acrem
1267 3263 1303 3330 et

356 3363 539 3427 obscurum
573 3363 783 3441 reddentem,
819 3367 961 3430 venenis
993 3365 1170 3442 infectum,
1201 3372 1238 3428 et
1257 3354 1303 3454 Jin

356 3468 461 3546 ¹vento
493 3482 598 3526 sonus
625 3464 691 3527 erit
713 3464 876 3528 terribilis
905 3466 1084 3530 destruens
1110 3464 1215 3528 corda
1239 3464 1302 3528 ho·
1394 3551 1397 3554 Α

355 3561 510 3640 minum3
547 3569 583 3626 et
616 3581 638 3625 a
670 3563 868 3644 regionibus
900 3565 1053 3628 arenosis
1075 3563 1304 3646 [sabulonem

354 3661 501 3742 accipiet
524 3667 559 3725 et
580 3661 710 3742 arenis]
738 3662 898 3727 civitates
919 3664 1102 3747 proximas
1127 3663 1163 3726 in
1191 3663 1305 3745 plani·

356 3758 403 3821 tie
423 3759 509 3822 sitas
529 3759 714 3840 cooperiet,
736 3769 773 3826 et
793 3763 903 3844 primo
927 3762 1086 3829 ciuitates
1108 3762 1250 3827 orientis
1270 3764 1304 3827 le

357 3855 473 3931 Mech,
496 3857 709 3941 Babylonem
739 3868 774 3925 et
796 3882 915 3927 omnes
944 3862 1104 3926 civitates
1126 3863 1304 3944 proximas

355 3953 440 4017 locis
463 3958 637 4036 arenosis;
661 3958 758 4023 nulla
774 3961 912 4043 quidem
933 3962 1069 4039 evadet,
1089 3981 1168 4044 quae
1189 3964 1304 4026 arenis

354 4059 390 4115 et
407 4060 500 4117 terra
525 4074 594 4118 non
621 4058 809 4139 operiatur.
862 4059 969 4143 Signa
991 4069 1107 4125 autem
1129 4060 1233 4144 hujus
1254 4064 1305 4126 rei

353 4150 428 4216 haec
449 4155 668 4236 praecedent3
698 4159 763 4224 erit
785 4159 822 4223 in
847 4160 964 4224 eodem
990 4179 1095 4238 anuo,
1116 4167 1303 4243 antequam
