2864 4866
410 430 550 480 rnonns
574 433 844 483 msronmruu.
1056 421 1100 485 35

148 585 227 650 dam
259 588 497 672 episcoporum
529 611 570 655 ac
602 600 804 676 magnatum
837 612 915 656 cum
938 593 1040 657 terris
1062 601 1233 658 eta-⁰42¹&

147 690 435 769 possessionibus,
469 698 590 756 contra
627 693 720 775 regis
759 692 1023 775 prohibitionem
1062 702 1097 758 et

146 786 530 868 illorum'voluntatem,
552 791 705 857 detinere
722 799 1016 876 praesumpserunt
1031 794 1097 857 eis-

147 886 223 950 dem
240 907 249 968 ;
275 890 367 954 inter
389 910 476 973 quos
500 890 676 956 Robertus
696 893 739 956 de
759 891 889 975 Gaugi,
911 900 992 975 post
1009 894 1097 957 mul-

149 992 202 1050 tas
238 990 331 1071 regis
365 990 625 1067 admonitiones
657 992 837 1057 castellum
869 993 912 1056 de
948 992 1095 1057 Newerc

147 1105 225 1148 cum
249 1088 333 1153 villa
355 1095 431 1154 tota
459 1098 494 1154 et
517 1090 746 1173 pertinentiis,
768 1112 844 1175 quae
866 1093 910 1155 ad
931 1091 991 1174 jus
1016 1091 1096 1156 Hu-

146 1185 259 1266 gonis,
278 1187 529 1253 Lincolniensis
554 1191 719 1274 episcopi,
736 1191 953 1274 spectabant,
969 1191 1000 1255 ei
1017 1192 1093 1256 red·

146 1284 226 1349 dere
251 1289 472 1352 contradixit.
525 1289 582 1353 Ex
613 1310 683 1374 qua
713 1311 749 1355 re
779 1311 928 1376 magnus
958 1291 1094 1356 Mares·

145 1385 279 1450 challus
305 1388 342 1451 in
372 1389 644 1470 indignationem
670 1410 802 1469 versuo,
825 1391 971 1474 jubente
1000 1412 1093 1473 rege,

145 1487 335 1551 exercitum
363 1489 529 1570 grandem
559 1492 797 1573 congregavit,
829 1498 947 1574 atque,
974 1491 1093 1555 eodem

145 1580 246 1668 rege¹
277 1589 414 1667 comite,
443 1588 488 1653 ad
518 1590 699 1654 castellum
728 1591 931 1673 praedictum
962 1590 1095 1655 hostili-

144 1691 198 1749 ter
223 1688 390 1768 accessit3
422 1695 470 1767 et,
492 1705 571 1753 cum
593 1691 733 1756 tandem
755 1690 1093 1774 appropinquassent

144 1785 188 1849 ad
216 1789 410 1866 castellum,
438 1790 681 1872 praemiserunt
703 1799 867 1868 armatos,
889 1798 929 1854 ut
951 1790 1092 1855 inclusis

143 1886 277 1952 exitum
302 1888 565 1972 praecluderent,
592 1910 648 1970 ne,
674 1891 765 1956 sicut
790 1890 865 1954 fieri
900 1889 1000 1967 solet,
1029 1910 1091 1954 ex-

144 1993 265 2052 euntes
304 1989 424 2053 villam
464 1989 602 2074 injectis
644 1991 784 2073 ignibus
822 1997 1091 2055 concremarent.

145 2084 243 2164 Quos
269 2107 347 2153 cum
377 2089 553 2156 Robertus
585 2090 729 2175 ejusque
757 2090 1007 2155 commilitones
1031 2109 1091 2154 ve-

144 2186 216 2250 nire
236 2190 493 2270 cognovissent,
517 2190 677 2256 exierunt
699 2211 777 2256 cum
798 2192 929 2275 impetu
950 2189 992 2253 de
1015 2209 1092 2254 cas·

143 2285 238 2365 tello,
264 2289 324 2353 sed
350 2289 395 2353 ab
421 2290 629 2356 irruentibus
659 2292 696 2356 in
724 2310 784 2355 eos
806 2290 972 2355 militibus
997 2290 1090 2371 regis

142 2388 312 2470 compulsi
342 2397 424 2453 sunt
454 2390 566 2455 denuo
595 2393 631 2456 in
663 2391 842 2456 castellum
878 2391 1000 2466 redire,
1031 2391 1091 2453 ubi

142 2481 357 2552 Willelmus²
377 2490 420 2554 de
447 2490 552 2568 Diva,
578 2492 676 2556 miles
698 2491 741 2555 de
760 2490 892 2554 familia
914 2489 1090 2571 Hugonis,

144 2586 397 2653 Lincolniensis
416 2590 580 2673 episcopi,
595 2591 676 2655 dum
693 2610 752 2654 eos
774 2589 955 2655 castellum
974 2589 1090 2671 ingre·

141 2686 276 2752 dientes
309 2688 559 2773 insequeretur,
592 2690 794 2755 interfectus
826 2697 879 2754 est
909 2698 944 2753 et
973 2688 1090 2771 plures

143 2786 203 2851 alii
224 2789 419 2868 vulnerati;
454 2809 498 2854 ex
521 2809 590 2873 quo
612 2791 706 2855 facto
729 2810 792 2854 rex
820 2798 855 2853 et
878 2787 1092 2852 Mareschal-

142 2886 197 2950 lus
229 2889 421 2970 perturbati
446 2889 626 2972 jusserunt
652 2890 830 2954 machinas
864 2888 1026 2953 collocari
1054 2888 1091 2951 in

142 3005 266 3070 gyrum
291 2987 437 3067 castelli,
465 2997 505 3054 ut
529 3009 645 3053 muros
673 2991 900 3072 petrariarum
926 2989 1091 3052 continua

142 3088 380 3154 verberatione
395 3089 585 3155 dissolvere
600 3090 809 3154 laborarent.
863 3089 1015 3153 Duravit
1030 3105 1091 3150 au-

144 3192 213 3251 tem
244 3187 376 3253 obsidio
405 3197 484 3254 octo
513 3190 585 3253 fere
611 3190 743 3267 diebus,
768 3190 803 3252 in
833 3187 958 3270 quibus
989 3186 1091 3249 amici

143 3287 300 3368 praedicti
326 3288 472 3354 Roberti
498 3309 576 3353 cum
603 3290 766 3372 episcopo
793 3287 1025 3351 lincolniensi
1048 3285 1091 3348 de

142 3405 228 3469 pace
252 3393 443 3454 tractantes
468 3391 505 3453 in
532 3388 610 3467 hoc,
642 3409 724 3471 rege
751 3394 940 3465 annuente,
962 3384 1092 3468 pariter

178 3562 268 3628 ¹Rege
283 3559 391 3634 comita]
408 3565 462 3616 The
473 3566 604 3629 following
628 3568 708 3617 nellos
720 3566 855 3617 trahendos
872 3571 897 3615 et
913 3564 1035 3614 ducentos
1052 3563 1091 3624 pi·

141 3635 228 3686 rather
238 3636 340 3685 curicus
350 3637 410 3686 writ
420 3641 446 3686 to
456 3636 499 3686 the
517 3651 604 3699 mayor
628 3638 724 3700 koaioa,
741 3643 767 3687 et
783 3641 883 3687 custum
906 3635 974 3696 quod
991 3633 1025 3683 ad
1044 3633 1091 3682 hoc

141 3706 171 3755 oi
190 3705 305 3768 Lincoln,
326 3706 414 3756 issued
436 3711 464 3756 at
480 3706 522 3755 the
543 3708 603 3756 time
628 3708 764 3770 posueritis
784 3706 971 3768 computabitur
986 3704 1033 3752 tibi
1056 3702 1091 3752 ad

139 3776 377 3839 thatthekingwas
387 3776 472 3827 before
480 3776 604 3840 Noverit,
628 3778 803 3829 scaccarium!

140 3848 164 3897 is
185 3849 212 3896 in
234 3847 277 3896 the
300 3847 375 3896 Close
397 3847 477 3909 Rolls,
497 3862 524 3909 p.
547 3851 604 3896 365.

139 3916 323 3980 ‘Pracipimus
339 3917 396 3979 tibi,
410 3917 479 3978 quod
496 3917 563 3965 sicut
579 3920 604 3966 te
663 3909 827 3963 ’willelmus
848 3912 877 3961 de
896 3904 999 3977 Diva]
1036 3908 1090 3958 The

140 3987 226 4050 ipsum
242 3992 268 4037 et
278 3987 363 4036 omnia
378 3991 424 4036 tua
440 3986 538 4048 diligis,
554 3990 605 4035 sta·
628 3984 696 4046 writ,
706 3982 825 4045 ordering
842 3982 886 4030 the
902 3980 1046 4030 restitution
1065 3980 1094 4028 oi

140 4059 186 4107 tim
197 4059 260 4107 visis
277 4058 368 4106 litteris
386 4057 453 4118 istis,
469 4057 554 4106 venire
566 4056 604 4105 ia·
628 4053 668 4103 his
687 4058 806 4115 property
825 4067 894 4113 upon
916 4051 1046 4115 returning
1064 4053 1090 4098 to

140 4130 194 4178 cias
209 4143 290 4190 usque
302 4128 412 4177 Newerc
428 4127 497 4176 mille
514 4126 604 4176 cordas
628 4124 669 4172 his
679 4123 768 4185 fealty,
779 4124 801 4172 is
813 4121 888 4171 dated
901 4120 1009 4184 Oxiord,
1025 4119 1090 4168 23rd

140 4198 172 4248 de
185 4199 276 4249 Kanna
288 4198 322 4247 ad
330 4197 455 4260 petrarias
466 4202 492 4246 et
502 4211 604 4258 mango·
628 4193 693 4254 July
703 4197 777 4242 121⁷.

941 4289 985 4333 1³2
