2864 4866
442 424 582 472 enonas
606 422 876 471 maronianum.
1069 407 1135 471 337

187 575 274 640 culis
295 577 401 641 filiurn
424 581 614 662 constringi
629 579 767 663 jubens,
790 579 892 642 duxit
914 597 991 642 eum
1012 597 1128 643 secum
1148 597 1270 637 alr-12³⁵.

189 676 280 755 apud
296 677 537 756 Warmesiam,
559 680 617 742 ubi
641 697 719 741 cum
738 678 835 741 illum
858 680 922 741 sub
940 685 1037 742 arcta
1058 699 1133 742 cus-

188 775 283 837 todia
300 778 583 854 commendasset,
601 778 694 841 misit
712 796 775 858 pro
797 777 1015 858 imperatrice
1031 785 1070 842 ut
1087 779 1130 843 ad

188 891 265 936 eum
293 876 426 940 veniret
449 877 586 951 ibidem,
619 883 803 959 postquam
831 876 923 957 apud
952 875 1132 941 Coloniam

188 991 249 1052 per
278 993 342 1038 sex
369 975 599 1039 hebdomadas
624 994 755 1038 moram
778 976 1019 1056 protraxisset.
1065 976 1133 1040 Ar-

188 1071 426 1156 chiepiscopus
443 1081 557 1138 antem
573 1074 788 1138 Coloniensis
805 1081 841 1138 et
858 1076 1040 1156 episcopus
1060 1076 1133 1138 Ex-

188 1170 351 1249 oniensiS,
369 1192 446 1236 cum
463 1174 598 1237 caeteris
620 1174 662 1237 ad
681 1173 909 1255 imperatricis
924 1173 1132 1237 conductum

188 1271 387 1351 assignatiS,
413 1274 479 1336 iter
502 1292 578 1336 cum
598 1273 676 1355 ipsa
697 1272 937 1353 aggredientes
965 1271 1009 1335 ad
1025 1273 1132 1355 impe-

189 1376 337 1432 ratorem
363 1390 437 1434 eam
460 1371 495 1434 iu
511 1373 612 1461 ‚omni
629 1391 756 1454 pompa
777 1391 818 1434 ac
842 1371 989 1452 nuptiali
1010 1371 1133 1436 laetitia

189 1475 320 1550 septem
349 1470 479 1533 dierum
507 1471 628 1535 itinere
655 1471 916 1553 perduxerunt3
956 1489 1025 1551 quo
1055 1490 1133 1534 cum

189 1569 436 1648 pervenissent,
464 1571 616 1652 suscepit
642 1589 701 1635 eos
731 1570 918 1651 imperator
942 1570 979 1632 in
1006 1588 1134 1651 magna

189 1666 311 1731 laetitia
326 1669 514 1748 ethonore,
537 1671 618 1752 quia
642 1688 749 1751 supra
764 1669 903 1732 modum
919 1669 984 1732 sibi
1000 1669 1133 1750 placuit

189 1766 321 1831 decoris
343 1769 512 1852 inspectio
543 1769 679 1851 puellae,
706 1787 809 1850 quam
839 1775 964 1832 natura
992 1769 1134 1850 speciali

188 1866 335 1947 quodam
349 1869 464 1932 studio
475 1869 663 1933 decoravit.
709 1862 962 1950 ¹Desponsavit
973 1888 1055 1949 ergo
1069 1888 1133 1950 pu·

188 1965 289 2028 ellam
308 1967 432 2031 ibidem
460 1969 648 2031 solenniter
667 1968 855 2049 imperator
879 1967 1011 2030 decimo
1031 1969 1133 2031 tertio

189 2062 356 2129 kalendas
371 2065 536 2148 Augusti,
551 2067 587 2129 in
605 2067 807 2146 Dominica3
830 2085 921 2148 quae,
939 2067 969 2128 si
986 2067 1132 2129 multum

188 2163 220 2226 ei
239 2164 371 2245 placuit
388 2166 423 2228 in
444 2167 558 2247 specie
581 2167 764 2248 corporali,
784 2166 893 2228 multo
913 2165 1034 2228 melius
1060 2166 1133 2246 pla-

188 2263 260 2327 cuit
273 2265 309 2326 in
333 2265 547 2345 experientia
562 2264 664 2341 thori,
686 2283 789 2346 quam
805 2263 967 2345 virginali
982 2264 1133 2345 puritate

189 2362 361 2442 signatam
376 2363 520 2428 invenit.
573 2363 716 2445 Nuptiis
730 2364 837 2445 igitur
850 2362 969 2425 diebus
982 2370 1133 2444 quatuor

188 2461 359 2525 continuis
381 2463 563 2543 magnifice
582 2462 773 2538 celebratis,
796 2463 977 2544 episcopus
1000 2463 1132 2526 Exoni-

188 2560 280 2623 ensis
300 2567 336 2624 et
350 2562 479 2639 caeteri,
498 2562 556 2644 qui
573 2581 650 2624 cum
672 2561 888 2644 imperatrice
910 2562 1132 2639 advenerant,

188 2660 232 2722 ab
261 2660 468 2741 imperatore
497 2661 636 2724 licentia
667 2661 863 2742 impetrata,
893 2660 936 2723 ad
966 2658 1131 2742 Angliam

189 2776 266 2821 cum
289 2759 417 2840 gaudio
440 2767 521 2824 sunt
536 2758 675 2823 reversi.
729 2759 828 2822 Misit
843 2777 926 2839 ergo
947 2759 1134 2840 imperator

189 2859 262 2938 regi
275 2855 469 2939 Anglorum
485 2853 573 2923 ²tres
587 2856 781 2939 leopardos
795 2876 871 2920 cum
890 2857 967 2920 aliis
981 2857 1132 2921 donariis

189 2957 360 3037 pretiosis,
379 2959 504 3040 quibus
523 2958 682 3038 regiones
701 2976 770 3020 non
790 2956 966 3020 abundant
975 2958 1132 3019 occiden-

190 3055 298 3135 tales3
322 3058 378 3120 cui
397 3058 500 3121 etiam
520 3063 642 3120 contra
661 3076 777 3138 regem
794 3056 1004 3119 Francorum
1024 3055 1133 3119 consi-

188 3153 272 3216 lium
286 3156 443 3237 promisit
460 3163 495 3220 et
510 3157 679 3219 auxilium
694 3163 937 3238 opportunum.

223 3305 421 3373 ¹Desponsuoit.]
437 3311 593 3371 ‘Accipiene
602 3326 648 3372 pro
674 3325 798 3360 commun.
816 3311 848 3358 de
863 3314 934 3360 term.
953 3310 980 3358 S.
999 3310 1083 3358 Hilar.
1103 3314 1132 3358 1⁷

187 3378 245 3427 dote
261 3380 366 3440 triginta
384 3381 465 3429 millia
484 3394 647 3442 marcarum3
675 3380 750 3430 Edw.
769 3380 840 3440 111.;
861 3379 971 3440 Tyrrell,
990 3377 1018 3445 ii.
1035 3394 1061 3439 p.
1074 3382 1132 3428 891.

186 3463 232 3510 pro
243 3450 337 3508 quibus
347 3450 452 3509 petitum
464 3454 490 3498 et
500 3464 648 3499 concessum
674 3451 828 3511 Respecting
846 3448 889 3496 the
909 3453 1029 3509 paymeut
1045 3448 1074 3496 of
1089 3447 1132 3496 the

186 3517 236 3566 fuit
246 3519 362 3580 generale
380 3519 521 3580 scutagium
539 3518 648 3567 duarum
673 3514 806 3580 emprees's
822 3517 918 3579 dower,
930 3532 972 3565 see
986 3521 1037 3565 two
1046 3517 1132 3566 letters

186 3601 326 3636 marcarum
352 3603 398 3649 per
419 3593 496 3636 totam
519 3587 649 3649 Angliam,
673 3588 703 3637 of
707 3589 749 3637 the
760 3588 823 3649 king
834 3586 910 3635 tothe
919 3586 1133 3648 popeinttymer,

186 3671 236 3706 non
254 3658 336 3706 solum
353 3658 386 3706 de
407 3657 489 3706 leodis
508 3657 602 3707 habitis
621 3658 648 3705 in
673 3659 691 3707 i.
703 3673 729 3718 p.
741 3661 805 3716 2263
821 3656 875 3704 also
887 3660 938 3703 two
954 3655 1040 3704 letters
1052 3661 1078 3702 to
1088 3655 1131 3703 the

186 3728 270 3788 capite
293 3727 326 3774 de
352 3741 422 3789 rege,
445 3727 490 3775 sed
514 3727 589 3775 etiam
615 3727 647 3776 de
673 3741 794 3788 emperor,
802 3725 1055 3786 apologizingiorthe
1063 3731 1132 3773 want

186 3797 245 3844 aliis
261 3795 338 3844 cultis
351 3791 372 3856 ;’
402 3795 496 3846 Chron.
512 3797 647 3845 Dunst-
672 3797 702 3845 oi
724 3788 884 3857 punctuality
905 3795 932 3842 in
960 3794 1064 3856 making
1088 3793 1131 3842 the

185 3865 252 3913 That
259 3865 310 3913 this
321 3869 366 3913 tax
377 3879 432 3915 was
444 3880 460 3913 a
471 3871 585 3927 scutage,
596 3865 647 3913 and
672 3869 801 3926 payment,
813 3879 840 3925 p.
851 3867 909 3912 228.

185 3940 253 3984 nota
264 3949 410 3998 carrucage,
418 3949 447 3984 as
458 3936 534 3984 Paris
544 3935 607 3983 calls
618 3935 648 3993 it,

184 4005 261 4066 being
270 4005 324 4053 laid
335 4018 404 4065 upon
420 4005 454 4053 all
465 4003 648 4054 ecclesiastical
707 3996 786 4046 'Tres
801 3989 946 4063 leopardos]
966 3996 1042 4045 Paris
1058 3995 1133 4058 adde,

184 4088 214 4123 as
224 4074 284 4122 well
300 4088 330 4122 as
345 4075 389 4134 lay
400 4073 463 4135 sees,
473 4089 515 4123 see
526 4073 568 4121 the
579 4073 648 4134 prior
672 4068 714 4116 ‘in
725 4069 825 4129 signum
837 4067 930 4128 regalis
941 4065 1035 4127 clypei,
1046 4066 1132 4125 inquo

184 4144 214 4191 of
222 4139 368 4205 Coventry’e
379 4144 448 4205 plea,
457 4143 534 4192 intbe
543 4143 613 4191 office
622 4142 651 4190 of
672 4143 724 4187 tres
741 4136 856 4198 leopardi
884 4141 1042 4184 banseuntes
1070 4135 1133 4195 ligu-

185 4213 228 4262 tlre
250 4207 334 4273 kiug’s
356 4213 564 4273 remembrancer,
583 4211 648 4259 inter
672 4201 776 4256 rantur?

232 4302 312 4349 VOlr.
328 4303 376 4350 lv.
964 4294 983 4338 Ζ
