2864 4866
443 413 584 462 rnonns
606 411 878 462 ursroumaou.
1069 397 1134 462 251

185 572 363 650 mundum,
383 571 441 636 ubi
464 590 554 636 uxor
576 572 652 656 ejus
673 573 884 648 morabatur,
907 580 942 636 et
962 571 1132 635 transiens
1144 587 1199 628 nn.
1211 589 1267 628 nor.

186 692 248 757 per
276 673 457 737 Essexiam
485 671 681 755 hospitatus
711 680 765 736 est
792 674 828 736 in
856 671 940 736 villa
971 671 1133 753 quadam,

185 793 262 855 quoe
292 771 338 836 ad
364 772 425 856 jus
459 773 609 855 pertinet
635 773 787 855 episcopi
817 771 1065 849 NorwicensiS,
1096 773 1132 835 in

184 874 341 938 domibus
363 871 516 955 episcopi
543 873 756 955 supradicti3
789 872 881 955 quod
900 872 1030 936 sactum
1054 892 1132 936 cum

185 975 260 1056 regi
290 974 438 1038 relatum
473 972 608 1050 fuisset,
638 974 692 1036 ira
719 972 913 1037 vehementi
941 971 1132 1049 incanduit,

185 1081 353 1152 metuens,
381 1074 411 1137 si
433 1072 615 1137 Hubertus
641 1074 692 1137 ita
715 1073 902 1150 recederet,
922 1072 1131 1154 perturbati·

186 1194 285 1239 onem
308 1174 565 1238 machinaretur
583 1174 619 1236 in
644 1192 775 1254 regn0;
804 1173 895 1237 unde
917 1171 1001 1236 iacti
1020 1173 1132 1255 poeni·

185 1281 261 1339 tens
277 1274 372 1338 misit
389 1281 469 1357 post
483 1292 563 1338 eum
580 1272 807 1337 Godeiridnm
824 1273 866 1336 dc
883 1271 1131 1350 Grauecumbe,

186 1375 342 1452 militem,
365 1394 443 1438 cum
466 1375 630 1439 trecentis
657 1374 813 1451 armatis,
839 1373 1042 1457 praecipiens
1067 1374 1132 1437 sub

185 1495 290 1558 poena
319 1475 568 1557 suspensionis,
583 1459 765 1557 'quatenus
792 1474 890 1537 illum
913 1481 1052 1556 captum
1078 1493 1132 1537 re·

186 1577 351 1640 ducerent
372 1582 409 1639 et
430 1575 466 1638 in
484 1575 571 1638 turri
590 1574 825 1640 Londoniensi
845 1574 998 1639 vinctum
1020 1573 1132 1637 incar-

186 1682 353 1740 cerarent.
377 1674 429 1739 At
442 1675 494 1740 illi
507 1694 583 1738 cnm
598 1675 819 1741 festinatione
833 1673 980 1757 profecti
992 1673 1132 1738 invene·

186 1783 267 1840 runt
283 1776 482 1839 Hubertnm
499 1768 551 1838 ¹in
568 1776 718 1858 quadam
739 1774 874 1857 capella
895 1774 1046 1856 hospitio
1067 1792 1132 1837 suo

187 1876 313 1954 vicina,
330 1895 465 1941 crucem
483 1875 520 1939 in
536 1895 607 1940 una
621 1895 724 1939 manu
743 1875 960 1938 Dominicam
976 1881 1011 1939 et
1028 1875 1065 1937 in
1073 1873 1131 1937 al-

187 1984 262 2042 tera
278 1995 402 2060 corpus
422 1976 564 2041 Domini
586 1976 799 2061 bajulantem
817 1996 826 2054 ;
850 1975 1027 2039 eratenim
1044 1993 1133 2056 prae·
1160 2029 1162 2034 ,

187 2078 340 2142 munitus
369 2077 412 2140 de
438 2077 591 2141 adventu
615 2076 843 2160 quaerentium
872 2075 1021 2139 animam
1044 2073 1133 2158 ejus,

187 2185 223 2243 et
239 2196 384 2258 surgens
412 2177 455 2240 dc
480 2184 593 2241 stratu
620 2183 804 2260 soporatus
821 2175 865 2240 ad
882 2174 1050 2258 capellam
1068 2195 1133 2238 nu-

189 2279 253 2342 dus
279 2277 448 2359 confugit.
500 2277 551 2342 At
574 2276 784 2342 Godefridus
813 2276 1031 2359 supradictus
1056 2295 1134 2339 cum

187 2379 291 2442 sociis
323 2378 466 2442 armatis
495 2378 673 2461 capellam
695 2377 873 2459 ingressus
901 2378 1066 2460 praecepit
1088 2396 1133 2440 ex

188 2498 248 2543 oro
274 2479 378 2561 regis,
405 2485 445 2542 ut
469 2479 581 2544 exiret
604 2480 646 2543 de
674 2478 809 2561 capella
827 2487 863 2542 et
886 2477 1018 2542 veniret
1040 2476 1134 2541 Lon-

184 2578 309 2643 donias
331 2598 408 2642 cnm
430 2599 512 2660 rege
533 2579 737 2658 locuturus3
765 2579 826 2642 sed
851 2599 928 2643 cum
952 2576 1133 2642 Hubertus
1145 2595 1266 2686 pomo

188 2679 376 2762 respondit,
403 2680 496 2761 quod
525 2680 621 2744 nullo
651 2679 753 2744 modo
780 2680 904 2757 exiret,
926 2677 1214 2768 Godefridusnorr

188 2785 224 2843 et
249 2779 325 2863 ejus
356 2780 540 2862 complices
571 2786 760 2863 rapuerunt
784 2780 826 2844 de
852 2780 1011 2843 manibus
1041 2779 1134 2842 illius

188 2899 323 2944 crucem
351 2887 386 2944 et
410 2879 629 2944 Dominicum
651 2898 789 2962 corpus,
813 2886 849 2943 et
865 2879 1011 2944 vinculis
1037 2878 1135 2942 illum

189 2981 464 3062 constringentes
486 2980 688 3045 arctissimis
714 3000 804 3062 equo
829 2980 1079 3062 imposuerunt,
1100 2987 1136 3043 et

189 3081 232 3144 ad
257 3081 376 3144 turrim
404 3079 661 3145 Londoniarum
687 3081 800 3163 ipsum
827 3080 991 3143 ducentes
1013 3098 1138 3162 posue-

189 3189 269 3245 runt
292 3183 328 3244 in
354 3200 492 3245 carcere
522 3181 765 3264 compeditum.
818 3175 898 3258 Quo
920 3180 1024 3256 facto,
1048 3188 1136 3242 n'un-
1198 3245 1209 3255 ‚

189 3281 365 3345 tiaverunt
387 3283 461 3364 regi
484 3281 576 3365 quod
598 3281 729 3346 fectum
751 3282 888 3360 fuerat3
924 3287 960 3344 et
981 3279 1051 3357 ille,
1076 3281 1136 3362 qni

189 3381 335 3465 pervigil
349 3401 468 3445 eorum
483 3382 712 3465 exspectabat
721 3383 921 3458 adventum,
935 3380 1037 3445 laetus
1048 3386 1137 3443 stra·

189 3491 261 3547 tum
277 3483 414 3566 petivit.

222 3653 373 3736 Quomodo
390 3654 471 3719 idac
488 3653 650 3720 Hubertos
662 3655 805 3720 reorum
821 3663 863 3719 ost
877 3653 923 3719 nd
936 3652 1098 3740 capolim.

240 3780 348 3845 Mane
370 3788 486 3845 autem
502 3781 608 3859 iacto,
624 3801 704 3846 cum
725 3781 899 3864 Rogerus,
919 3780 1137 3846 Londonien-
1149 3798 1292 3848 uirente-

1149 3851 1233 3890 sereneo
1243 3851 1268 3889 of

189 3881 237 3946 sis
270 3883 432 3960 antistes,
458 3882 680 3966 cognovisset
705 3901 774 3964 qno
805 3882 924 3946 ordine
955 3880 1137 3945 Hubertus
1150 3900 1274 3990 mg

189 3988 368 4047 extractus
385 3981 498 4047 fuerat
509 3983 551 4046 de
568 3982 714 4066 capella,
731 3983 827 4048 venit
842 3981 933 4046 celer
949 3981 993 4045 ad
1011 4001 1138 4063 regem,
1150 4001 1250 4090 affin

227 4158 280 4209 ¹Ia
296 4163 398 4224 quodam
420 4163 542 4226 capella]
580 4163 723 4226 According
746 4169 771 4212 to
794 4163 835 4211 the
859 4163 953 4212 Dunrt.
972 4161 1075 4225 Chron.,
1096 4161 1139 4210 the

189 4227 283 4282 chtirch
295 4231 325 4280 οἱ
333 4233 447 4297 Boisars‚
458 4248 483 4294 p.
495 4237 553 4283 208.
