2864 4866
428 420 568 469 vnosns
592 421 862 472 ursronmnnu.
1056 408 1120 474 137

167 586 338 660 quatenus
354 579 467 662 ipsum
484 578 528 643 ad
545 601 605 645 eos
620 581 736 646 venire
758 581 953 665 cupientem
973 581 1122 648 fideliter
1132 604 1188 646 un.
1199 607 1255 646 nn.

168 678 349 744 admittere
365 678 602 762 dignarentur.

238 853 287 917 De
302 865 397 946 morte
410 853 567 932 Falcaeii,
583 863 611 920 a
623 853 660 919 dc
668 854 823 942 praeopto
839 854 946 936 monis
961 855 1036 942 ay'ur.

233 979 363 1044 Eodem
386 999 477 1044 anno
496 979 678 1044 Falcasius
697 981 893 1063 exscriptus
917 982 961 1045 ab
980 981 1119 1065 Anglia,
1132 999 1234 1090 ffiw

169 1080 250 1144 dum
271 1081 429 1145 omnibus
456 1081 605 1163 negotiis
622 1081 658 1144 in
680 1081 776 1145 curia
795 1081 957 1146 Romana
980 1053 1256 1167 ωψθᾱὶ-Ιιιιιιιιῖἷῖ18

170 1181 214 1244 tis
230 1181 273 1245 ad
290 1179 456 1264 Angliam
473 1187 675 1264 properaret
692 1181 831 1258 reverti,
849 1182 942 1264 apud
960 1189 1119 1247 sanctum

171 1279 342 1345 (liriacum
371 1281 478 1346 vitam
502 1281 712 1363 flagitiosam
734 1281 943 1346 terminavit.
997 1283 1120 1348 Falca·

170 1381 466 1460 siusautem,dum
478 1381 590 1446 adbuc
602 1381 734 1446 viveret
745 1381 862 1464 praedo
877 1383 1119 1466 nequissimus,
1146 1401 1149 1406 ·

169 1488 350 1565 postquam
366 1481 486 1546 villam
509 1482 623 1546 sancti
639 1480 767 1545 Albani
788 1481 972 1546 crudeliter
990 1483 1119 1565 spolia·

171 1588 277 1659 verat,
300 1582 455 1647 homines
484 1581 652 1664 quosdam
679 1580 911 1660 interfecerat,
936 1583 1119 1648 nonnullos

169 1683 326 1765 captivos
349 1681 557 1758 abduxerat,
579 1688 703 1746 ettam
726 1683 771 1746 ab
792 1683 931 1760 abbate,
954 1685 1119 1765 quamde

168 1782 252 1846 villa
261 1789 347 1861 tota,
357 1783 544 1847 maximam
554 1780 710 1865 pecuniae
727 1801 895 1846 summam
911 1792 1119 1862 extorserat,

169 1902 212 1946 ne
235 1882 347 1966 ipsam
369 1883 542 1947 abbatiam
560 1902 638 1947 cum
663 1884 871 1947 monasterio
887 1890 922 1947 et
937 1884 1022 1948 villa
1038 1886 1120 1966 igne

168 1990 413 2061 concremaret,
430 1984 576 2066 contigit
590 1984 704 2065 ipsum
719 1983 812 2064 apud
833 1990 993 2047 sanctum
1008 1981 1118 2049 Alba·

170 2103 250 2148 num
266 2104 350 2149 casu
366 2084 495 2173 venire,
513 2090 553 2147 ut
567 2103 645 2146 cum
661 2081 881 2166 Pandulpho,
901 2082 935 2147 N
938 2085 1117 2149 orwicensi

170 2177 344 2268 episcopo,
374 2185 597 2267 loqueretur;
642 2203 743 2266 quem
771 2203 849 2247 eum
875 2182 1019 2248 vidisset
1045 2186 1118 2268 epi-

167 2305 292 2370 scopus
314 2285 359 2349 ad
381 2304 419 2349 se
434 2283 640 2361 venientem,
663 2282 825 2348 audiente
847 2285 922 2367 ipso
939 2285 1064 2349 abbate
1081 2293 1116 2349 et

138 2389 140 2392 ’
168 2386 245 2450 aliis
258 2385 388 2462 multis,
403 2385 565 2467 quaesivit
580 2385 624 2448 ab
641 2403 695 2462 eo,
717 2385 747 2448 si
767 2391 923 2448 sanctum
941 2382 1115 2450 Albanum
1191 2463 1194 2468 ,

167 2485 204 2549 in
218 2487 334 2569 aliquo
351 2485 559 2550 offendisset.
606 2483 672 2549 Cui
687 2505 765 2549 cum
781 2485 961 2549 Falcasius
974 2506 1116 2569 respon·

168 2585 287 2664 disset,
312 2605 350 2651 se
379 2587 415 2649 in
439 2585 534 2649 nullo
557 2592 743 2668 martyrem
765 2584 960 2662 offendisse,
983 2586 1117 2651 addidit

167 2687 349 2770 episcopus
364 2685 494 2764 dicens,
509 2684 617 2749 ‘Ideo
642 2685 717 2749 baec
740 2705 761 2749 a
783 2693 818 2750 te
843 2685 1000 2767 quaesivi,
1022 2687 1114 2769 quia,

168 2807 245 2852 cum
268 2807 377 2870 nuper
395 2787 432 2850 in
456 2792 568 2850 stratu
591 2805 666 2850 meo
692 2792 794 2849 nocte
819 2784 968 2867 quadam
989 2785 1116 2851 dormi-

167 2908 253 2965 rem,
267 2887 339 2952 vidi
357 2905 419 2970 per
438 2886 610 2950 somnium
627 2904 683 2949 me
700 2904 776 2948 esse
791 2886 828 2948 in
843 2885 988 2949 ecclesia
1004 2887 1114 2950 sancti

168 2987 308 3065 Albani,
331 2986 391 3050 ubi
418 3006 508 3052 cum¹
527 2992 656 3050 starem
680 2991 761 3049 ante
789 2985 902 3069 majus
930 2985 1053 3063 altare,
1078 2998 1114 3051 et

167 3088 260 3154 iacta
283 3088 440 3151 oratione
461 3093 553 3150 retro
583 3085 783 3168 aspicerem,
804 3085 875 3149 vidi
899 3093 934 3150 te
958 3092 1050 3149 stare
1076 3086 1112 3149 in

124 3232 128 3239 -
167 3188 271 3254 choro
287 3186 558 3264 monachorum
589 3192 637 3262 et,
654 3205 732 3249 cum
757 3185 944 3267 aspicerem
964 3205 1112 3264 sursum,

166 3288 235 3354 vidi
251 3287 400 3371 lapidem
416 3306 522 3351 unum
548 3285 591 3351 de
607 3285 694 3350 turri
711 3304 874 3366 magnum
891 3291 927 3348 et
943 3285 1112 3367 pondero-

165 3408 240 3453 sum
265 3407 344 3453 cum
369 3394 468 3451 tanto
491 3387 623 3468 impetu
648 3385 853 3449 descendere
878 3403 982 3467 super
1007 3393 1113 3467 caput

165 3497 274 3566 tuum,
297 3486 389 3570 quod
415 3506 494 3551 cum
526 3487 603 3568 ipso
632 3485 746 3567 capite
766 3491 828 3548 tuo
848 3503 972 3567 corpus
999 3491 1110 3548 totum

164 3589 339 3664 contrivit,
361 3595 397 3651 et
412 3588 463 3651 ita
480 3587 595 3650 subito
609 3584 782 3649 evanuisti
805 3604 846 3648 ac
871 3585 901 3648 si
927 3585 962 3648 in
983 3591 1110 3649 terram

164 3688 339 3759 demersus
354 3687 490 3751 fuisses.
529 3685 631 3750 Unde
652 3684 832 3748 consilium
852 3685 914 3748 tibi
932 3685 988 3761 do,
1006 3685 1108 3767 quod,

163 3789 193 3853 si
216 3789 340 3853 recolis
360 3796 395 3852 te
412 3788 467 3852 vel
486 3788 522 3850 in
544 3786 684 3849 minimo
708 3792 892 3867 martyrem
916 3784 1109 3862 offendisse,

164 3896 348 3972 antequam
366 3887 455 3970 lapis
472 3906 577 3969 super
594 3893 701 3967 caput
716 3891 814 3948 tuum
832 3885 1029 3963 descendat,
1043 3886 1109 3949 sibi

163 3997 197 4054 et
226 3988 299 4067 suis
325 3987 484 4051 omnibus
509 3984 704 4050 satisfacias
734 3985 990 4066 competenter!
1040 3985 1108 4048 Sed

162 4090 266 4153 miser
276 4087 335 4152 ille
349 4086 579 4169 postmodum,
594 4106 672 4149 cum
688 4087 732 4149 ab
749 4086 874 4148 abbate
889 4093 923 4148 et
938 4094 1107 4149 conventu

162 4189 204 4254 de
217 4189 289 4254 suis
301 4186 504 4272 'excessibus
521 4185 656 4252 veniam
681 4186 903 4269 postulasset,
926 4183 1108 4249 affirmavit
