2864 4866
415 409 555 458 rnoavs
578 409 849 457 ursvoumnuu.
1060 392 1104 456 25

156 567 266 632 tiosis.
336 565 413 630 Nec
450 567 555 632 etiam
589 566 735 630 ecclesia
770 566 978 630 cathedralis
1014 565 1104 631 hane
1118 581 1173 621 A-D·
1185 580 1240 621 121⁷·

150 673 289 749 ‚pestem
319 667 432 731 evasit
464 667 548 748 quin
584 667 715 730 subiret
744 666 912 748 judicium
945 666 1104 744 aliarum,

152 766 277 831 datum
300 767 392 830 enim
410 772 485 830 erat
501 766 667 830 militibus
689 767 726 829 in
750 766 920 830 mandatis
938 786 960 830 a
976 767 1104 848 legato,

157 873 197 930 ut
217 866 402 931 canonicos
432 885 550 930 omnes
573 873 765 931 tractarent
787 867 883 931 velut
905 886 1105 930 excommu-

153 967 302 1043 nicatos,
332 967 422 1030 sieut
450 965 538 1030 tales
570 968 630 1048 qui
662 965 780 1030 hostes
807 966 947 1029 fuerunt
976 967 1105 1031 Roma-

157 1085 212 1129 nae
241 1065 396 1129 ecclesiae
418 1085 459 1130 ac
487 1065 579 1148 regis
599 1063 738 1148 Angliae
768 1067 813 1130 ab
843 1065 941 1130 initio
969 1087 1105 1148 guerrae

156 1171 287 1246 motao3
319 1172 512 1248 praecentor
543 1173 660 1231 autem
690 1165 845 1229 ecclesiae
873 1165 978 1243 illius,
1007 1164 1105 1230 Gau·
1142 1162 1146 1167 ⁴

158 1264 266 1329 fridus
289 1265 421 1349 scilicet
435 1265 478 1329 de
495 1266 701 1348 Drepinges,
718 1266 876 1329 undecim
892 1266 1001 1329 millia
1016 1284 1107 1330 mar-

158 1383 217 1430 cas
233 1367 369 1448 argenti
384 1385 422 1431 se
435 1364 546 1429 doluit
560 1366 728 1430 amisisse.
768 1364 923 1430 Tandem
939 1385 1018 1430 cum
1034 1385 1107 1429 om-

159 1464 217 1528 nia
239 1466 536 1554 mercimoniorum
562 1485 690 1547 genera
713 1467 922 1548 rapuissent,
944 1466 994 1529 ita
1014 1465 1106 1548 quod

158 1564 243 1628 nihil
268 1565 305 1628 in
329 1566 446 1648 aliquo
471 1565 620 1630 domatis
649 1565 779 1648 angulo
807 1566 973 1630 remansit
995 1565 1106 1630 intac-

158 1669 244 1741 tum,
266 1666 396 1730 reversi
418 1671 500 1729 sunt
523 1666 650 1746 singuli
672 1665 718 1729 ad
740 1665 898 1730 dominos
923 1684 1005 1730 suos
1032 1686 1106 1729 om·

159 1782 220 1827 nes
238 1764 363 1830 divites
383 1764 508 1842 effecti,
527 1774 645 1848 atque,
662 1767 706 1830 ab
728 1767 886 1830 omnibus
908 1785 994 1849 pace
1014 1767 1106 1847 regis

159 1863 306 1929 Henrici
333 1884 395 1947 per
422 1865 598 1929 civitatem
630 1865 845 1942 denuntiata,
877 1865 1107 1949 epulabantur

159 1972 194 2028 et
216 1964 380 2028 bibebant
404 1984 481 2029 cum
499 1964 731 2049 jocunditate.
785 1966 895 2029 Facta
918 1973 972 2029 est
991 1973 1107 2029 autem

159 2063 228 2128 ista
257 2064 339 2127 belli
370 2065 580 2146 congressio,
603 2084 708 2147 quam
735 2065 772 2127 in
795 2065 1026 2147 opprobrium.
1039 2065 1108 2130 Lo·

159 2163 282 2228 dowici
320 2183 361 2228 ac
396 2166 564 2229 baronum
601 2164 667 2228 ‘N
669 2164 829 2228 undinas'
872 2164 1106 2246 appellabant,

155 2270 284 2345 quarto
314 2263 446 2328 decimo
469 2263 636 2328 kalendas
657 2263 768 2340 Junii,
800 2265 946 2328 sabbato
975 2264 1107 2329 scilicet

158 2363 194 2425 in
216 2362 431 2428 hebdomada
452 2364 690 2442 PentecosteS,
711 2364 841 2428 habens
862 2364 998 2428 initium
1021 2363 1107 2452 hora

158 2461 253 2526 inter
267 2463 413 2546 primam
434 2472 468 2529 et
489 2465 625 2529 tertiam
648 2466 773 2542 media,
799 2464 860 2528 sed
883 2471 963 2540 ante
986 2464 1106 2528 horam

157 2581 286 2626 nonam
308 2565 451 2629 abonis
479 2566 753 2647 negotiatoribus
780 2572 862 2628 sunt
885 2565 1001 2629 omnia
1026 2585 1106 2628 con-

156 2671 362 2727 summata.'
389 2663 520 2728 Verum
544 2684 590 2728 ex
616 2664 784 2728 matronis
808 2664 962 2729 civitatis
988 2665 1107 2728 multae

157 2761 302 2828 -fuerunt
318 2764 418 2846 aquis
439 2765 639 2842 submersae,
656 2768 749 2848 quae,
765 2773 805 2828 ut
819 2763 1019 2828 scandalum
1036 2764 1107 2828 evi·

160 2869 287 2940 tarent,
325 2883 452 2946 parvas
482 2864 647 2944 ingressae
679 2864 860 2928 naviculas
888 2883 965 2926 cum
991 2865 1108 2945 pneris

160 2970 196 3025 et
229 2963 363 3027 ancillis
399 2969 434 3027 et
466 2963 568 3027 rebus
607 2963 803 3028 domesticis
842 2963 1040 3027 defecerunt
1072 2965 1108 3026 in

162 3061 230 3138 via,
251 3063 311 3126 sed
332 3062 551 3146 postmodum
571 3083 593 3127 a
615 3064 848 3146 quaerentibus
871 3063 1014 3127 inventa
1035 3062 1109 3126 iue-

160 3166 244 3224 runt
265 3162 302 3225 in
324 3161 464 3226 flumine
484 3181 571 3228 vasa
602 3170 768 3244 argentea
792 3182 870 3226 cum
900 3164 1002 3226 rebus
1031 3162 1108 3226 aliis

158 3261 291 3340 multis,
313 3281 391 3344 quae
414 3264 487 3328 suis
506 3263 743 3327 inventoribus
764 3262 986 3345 profuerunt3
1011 3269 1110 3327 erant

161 3361 251 3425 enim
284 3362 455 3426 naviculae
487 3363 588 3427 nimis
623 3370 788 3438 oneratae,
819 3370 855 3425 et
881 3363 958 3426 ideo
995 3361 1110 3426 subito

161 3462 338 3542 perierunt
364 3481 483 3526 omnes
515 3469 683 3527 matronae
697 3503 700 3506 -
713 3481 821 3526 naves
848 3467 967 3543 regere
1000 3462 1112 3526 nesci-

163 3568 273 3639 entes,
302 3562 452 3644 impetus
481 3561 572 3625 enim
606 3562 696 3626 male
731 3563 821 3627 solet
850 3562 966 3626 omnia
991 3563 1111 3626 minis-

162 3666 267 3728 bare.
337 3660 505 3725 Omnibus
536 3663 644 3744 igitur
673 3662 764 3726 hunc
796 3664 832 3725 in
859 3662 998 3725 modum
1028 3681 1111 3727 con·

114 3776 117 3780 ·
159 3761 355 3838 summatis,
372 3763 539 3844 praecepit
551 3761 748 3827 Willelmus
765 3762 1019 3826 Mareschallus
1036 3781 1112 3826 cas-

163 3860 300 3924 tellanis
328 3862 510 3939 omnibus,
528 3868 569 3926 ut
594 3882 672 3928 oum
704 3863 899 3944 prisonibus
929 3863 1001 3925 suis
1032 3860 1111 3932 red·

159 3959 252 4026 irent
287 3959 330 4024 ad
365 3961 517 4044 propria,
553 3981 682 4045 eosque
711 3963 777 4026 sub
811 3968 908 4026 arcta
935 3968 1114 4025 servarent

163 4059 323 4125 custodia
352 4059 461 4124 donec
490 4060 532 4124 de
562 4061 631 4125 illis
663 4062 755 4141 regis
780 4062 994 4126 voluntatem
1018 4060 1114 4123 audi·

163 4167 251 4225 rent.
287 4157 337 4224 At
348 4160 438 4224 idem
449 4161 706 4226 Mareschallus
718 4161 836 4226 eodem
851 4161 917 4239 die,
928 4168 1113 4243 antequam
