2864 4866
406 412 546 464 rnoans
570 413 840 464 ursronmauu.
1031 396 1095 460 145

144 571 288 650 sionem,
307 591 385 637 cum
405 573 522 638 multis
546 573 635 651 aliis,
651 573 739 638 vidit
758 579 928 637 mercator
942 571 1228 654 quidam,a.n.122a

146 673 206 754 qni
228 672 357 754 piscem
387 674 424 736 in
453 672 560 736 rheda
589 674 671 737 tulit
701 674 744 737 ad
772 673 1000 749 vendendum,
1023 692 1093 736 non

144 771 249 854 longe
273 791 295 836 a
316 773 394 837 vico
423 774 483 856 qui
507 773 729 855 erbreggo
753 779 994 855 nuncupatur;
1025 792 1095 854 qua

147 871 289 938 insolita
314 873 459 949 visione,
476 873 658 956 splendore
675 892 812 955 quoque
833 873 1036 955 perterritus
1058 881 1093 938 et

147 973 248 1054 quasi
276 973 312 1036 in
338 974 453 1037 extasi
476 980 610 1056 raptus,
634 975 732 1038 stetit
757 973 938 1049 attonitus,
960 973 1094 1055 etquid

147 1080 267 1154 ageret
296 1073 492 1154 ignorabat.
556 1073 666 1137 Filius
698 1093 781 1138 vero
814 1072 961 1136 hominis
988 1072 1094 1150 illius,

147 1192 250 1255 quern
270 1173 410 1236 unicum
438 1173 559 1237 habuit
581 1174 724 1250 socium,
739 1179 873 1255 patrem
895 1172 1094 1237 confortans

148 1271 318 1349 hortatur,
334 1280 373 1336 ut
387 1273 528 1337 rhedam
541 1274 644 1337 sistat
660 1280 696 1337 et
707 1273 893 1337 Dominum
911 1272 1093 1354 glorificet,

148 1373 209 1456 qui
231 1374 296 1437 sibi
319 1373 424 1437 talem
449 1374 685 1455 dignatusest
711 1372 891 1437 ostendere
914 1373 1094 1437 visionem.

149 1473 193 1537 In
209 1473 361 1538 crastino
382 1493 477 1551 vero,
499 1481 534 1537 et
550 1474 696 1555 singulis
718 1480 840 1555 postea
861 1473 993 1549 diebus,
1017 1474 1092 1536 ubi·

148 1593 294 1658 cumque
310 1575 441 1657 piscem
455 1593 553 1639 snum
566 1573 722 1638 venalem
740 1574 915 1655 exposuit,
927 1573 1093 1637 visionem

148 1675 333 1751 caelestem,
358 1692 462 1757 quam
479 1673 626 1751 viderat,
649 1674 807 1739 omnibus
829 1681 948 1755 aperte
970 1673 1095 1755 praedi-

146 1776 252 1853 cavit,
281 1774 436 1839 adhibito
464 1773 526 1838 filii
554 1775 608 1838 sui
636 1774 855 1854 testimoni03
883 1772 973 1836 unde
1003 1772 1093 1836 sicut

145 1875 246 1941 multi
272 1874 374 1940 dictis
395 1894 514 1941 eorum
538 1873 640 1939 fidem
666 1873 907 1950 adhibuerunt,
935 1874 986 1936 ita
1007 1892 1094 1935 uon-

146 1976 233 2041 nulli
260 1981 554 2058 oontempserunt,
580 1975 688 2038 donec
710 1995 772 2056 per
793 1973 921 2037 similes
944 1971 1094 2036 visiones

147 2084 183 2141 et
202 2076 371 2153 assiduas,
391 2093 469 2156 quae
492 2074 611 2138 eodem
634 2081 788 2155 tempore
810 2073 928 2136 multis
953 2072 990 2135 in
1009 2071 1094 2135 locis

145 2175 292 2241 diversis
309 2181 556 2258 apparuerunt,
570 2174 614 2237 ad
632 2172 837 2237 credendum
854 2172 987 2236 inducti
1001 2178 1095 2248 sunt,

147 2277 183 2340 in
210 2277 334 2359 quibus
361 2276 436 2357 ipse
461 2273 657 2339 Crucifixus
684 2273 805 2337 caelum
832 2291 984 2336 reserare
1017 2271 1095 2353 dig-

148 2385 252 2441 natus
277 2383 331 2440 est
350 2381 386 2439 et
408 2374 555 2456 gloriam
577 2391 676 2438 suam
701 2372 904 2437 mirabiliter
926 2391 1005 2434 cum
1029 2372 1094 2435 irn-

147 2496 265 2542 menso
294 2475 422 2539 lumine
452 2473 639 2538 incredulis
668 2473 832 2538 revelare.
886 2472 983 2535 Inter
1007 2471 1095 2534 alios

148 2584 277 2652 autem,
304 2576 364 2658 qui
392 2575 435 2639 de
460 2593 568 2656 regno
589 2571 729 2654 Angliae
756 2572 915 2636 exierunt
942 2573 978 2635 in
1007 2590 1094 2653 opus

148 2676 326 2753 crucifixi,
340 2675 406 2739 iter
413 2675 634 2756 arripuerunt
649 2673 713 2737 viri
728 2672 952 2748 venerabileS,
968 2671 1094 2734 Petrus

148 2775 397 2842 Wintonieusis
425 2782 460 2839 et
482 2773 680 2839 Willelmus
701 2772 908 2836 Exoniensis
929 2770 1094 2853 episcopi,

148 2879 208 2962 qui
223 2873 510 2960 peregrinationis
523 2893 595 2937 suae
610 2879 729 2937 votum
740 2872 811 2936 fere
828 2893 890 2954 per
903 2872 1095 2954 quinquen-

148 2979 243 3042 nium
259 2975 478 3040 laudabiliter
491 2973 760 3056 compleverunt.

241 3151 394 3227 Quomodo
408 3151 559 3236 nepotiana
575 3149 675 3215 crucia
683 3150 790 3235 faerit
803 3148 857 3212 loo
874 3155 1004 3231 ternpore

503 3260 729 3337 praeparantium.

197 3376 281 3445 Hoc
305 3376 414 3459 igitur
438 3378 615 3458 negotium
641 3375 764 3452 crucis,
789 3372 940 3456 qualiter
967 3370 1003 3433 in
1030 3368 1239 3472 harpoaessor

1132 3445 1143 3472 ο
1151 3435 1245 3481 eruenda,

145 3481 298 3544 motione
314 3478 360 3542 sit
375 3487 627 3560 prosperatum,
642 3475 679 3538 in
695 3474 748 3537 his
771 3472 994 3555 sequentibus
1015 3470 1092 3533 lite·
1106 3483 1221 3524 inaletter

1105 3533 1160 3574 from
1169 3535 1205 3574 the

145 3580 206 3658 ria,
234 3598 323 3662 quas
348 3596 440 3660 papa
464 3576 655 3658 Gregorius
684 3574 842 3638 omnibus
864 3571 993 3636 Christi
1013 3569 1093 3634 fide·
1105 3585 1209 3633 patriarch
1218 3584 1243 3622 of

1105 3635 1231 3676 Jerusalem.

144 3678 237 3743 libus
259 3678 399 3753 direxit,
422 3677 615 3741 ostenditur
644 3675 845 3740 evidenter:
875 3671 1092 3752 ‘Gregorius

142 3780 337 3862 episcopua
360 3796 480 3842 servus
503 3796 680 3841 servorum
698 3775 778 3851 Dei,
789 3773 946 3836 omnibus
964 3770 1094 3835 Christi

144 3879 302 3944 fidelibus
319 3877 478 3954 salutem,
493 3884 530 3940 et
544 3883 680 3941 caetera.
724 3872 872 3938 Noverit
888 3871 1094 3935 universitas

144 3986 271 4057 vestra,
279 3996 342 4043 nos
351 3977 393 4040 de
402 3977 559 4058 partibus
569 3974 806 4040 transmarinis
818 3972 1010 4054 suscepisse
1020 3970 1094 4034 lite-

145 4099 203 4143 ras
214 4080 280 4143 sub
291 4078 356 4141 hac
367 4076 494 4156 forma3
512 4073 732 4161 G[eroldus]‚
744 4073 963 4137 miseratione
977 4070 1095 4134 divina

144 4178 344 4262 patriarcha
361 4175 713 4261 Hierosolymitanus‚
729 4172 865 4238 humilis
881 4180 916 4236 et
931 4170 1094 4251 indignus

196 4295 276 4343 von.
300 4295 345 4342 lv.
925 4288 945 4332 a
