2864 4866
441 426 580 474 necans
603 426 874 474 fflsronranuu.
1064 404 1130 470 187

181 583 371 666 voluptatis
392 591 427 648 at
441 584 578 649 hortum
601 584 800 648 deliciarum
823 582 1038 647 ordinatione
1064 590 1270 680 suagigffl

182 683 356 764 plantavit
382 683 596 761 Altissimus,
624 684 667 747 de
694 704 765 766 qua
796 682 985 766 producere
1016 682 1128 746 valuit
1141 690 1265 781 ffigffgdop

182 783 315 865 lignum
336 784 491 848 scientiae
506 785 587 848 boni
610 791 644 847 at
658 783 742 846 mali
758 784 793 846 in
816 782 1034 846 institutione
1054 782 1128 864 dig·
1140 791 1277 837 Certabun-

183 883 304 946 nitatis
333 884 580 966 metropolicae,
604 884 735 965 lignum
760 884 843 947 vitae
870 882 907 945 in
932 880 1051 945 ordine
1075 901 1128 944 re·

182 981 321 1063 ligionis
344 983 545 1047 monasticae
567 990 603 1046 et
619 982 789 1065 regularis
808 981 1038 1046 observantiae
1059 980 1128 1043 dis-

183 1082 323 1163 ciplina,
345 1082 443 1164 ligna
466 1082 634 1165 pomifera
658 1082 695 1145 in
713 1081 953 1162 suffraganeis,
973 1100 1052 1163 quae
1066 1099 1128 1162 per

184 1182 418 1263 operationem
440 1190 596 1246 sanctam
619 1180 793 1245 delectant
810 1182 847 1244 in
864 1181 953 1257 visu,
968 1200 1030 1263 per
1045 1179 1128 1243 fide·

182 1281 249 1344 lem
263 1281 455 1345 doctrinam
468 1281 666 1345 confortant
677 1282 712 1344 in
728 1288 845 1363 gustu,
859 1299 920 1362 per
933 1278 1128 1362 opinionem

183 1381 310 1444 bonam
332 1388 489 1445 recreant
504 1382 540 1444 in
561 1380 703 1445 olfactu.
755 1381 811 1444 De
831 1379 950 1443 eodem
967 1379 1044 1442 loco
1062 1378 1128 1441 flu·

185 1481 261 1544 vius
284 1481 470 1562 egreditur,
500 1500 563 1563 per
589 1500 691 1563 quem
722 1479 961 1562 gloriosissimi
984 1477 1128 1541 Thomas

184 1580 347 1662 martyris
384 1581 527 1661 sanguis
568 1580 784 1663 exprimitur,
819 1579 879 1662 qui
917 1578 998 1641 dum
1020 1578 1129 1643 vitam

185 1680 343 1756 mortuis,
366 1680 550 1743 sanitatem
573 1680 727 1761 aegrotis,
747 1679 941 1742 libertatem
964 1678 1073 1741 servis
1094 1684 1130 1741 et

186 1778 367 1842 audaciam
392 1778 521 1843 timidis
553 1780 711 1855 contulit,
740 1777 821 1842 inde
848 1777 1071 1859 progrediens
1092 1777 1129 1839 in

187 1884 337 1960 quatuor
367 1878 489 1960 procul
518 1878 622 1941 dnbio
652 1879 768 1959 capita
797 1877 994 1955 derivatum
1030 1875 1130 1958 cujus

186 1977 426 2041 miraculorum
459 1977 701 2042 excellentium
734 1977 835 2058 signa
867 1975 948 2038 dum
982 1973 1133 2038 sollicita

186 2076 409 2141 meditatione
430 2077 645 2153 discutimus,
668 2095 765 2140 raras
783 2082 818 2139 et
832 2075 991 2138 insolitas
1005 2072 1131 2137 divinae

188 2175 415 2258 plantationis
428 2175 568 2240 delicias
580 2176 786 2241 invenimus.
810 2174 929 2257 Hujus
942 2174 1061 2256 itaque
1072 2192 1131 2255 pa-

188 2274 292 2338 radisi
310 2268 482 2353 ¹custode,
496 2277 596 2340 bonae
616 2276 790 2339 memoriae
813 2273 1001 2356 Stephano,
1021 2292 1132 2355 quon·

187 2374 266 2437 dam
289 2373 531 2439 Cantuariensi
556 2374 826 2457 archiepiscopo,
845 2380 976 2437 sanctae
1002 2372 1133 2436 Roma·

187 2493 241 2536 nae
261 2475 415 2538 ecclesiae
432 2475 611 2549 cardinali,
634 2475 709 2538 viro
729 2475 850 2557 utique
871 2473 1132 2556 pereminentis·

187 2574 272 2636 sime
296 2574 396 2637 donis
425 2574 579 2637 scientiae
607 2581 642 2638 at
665 2593 806 2637 munere
830 2573 954 2654 gratiae
975 2573 1132 2654 supernis

187 2672 428 2736 carismatibus
455 2673 621 2750 delibuto,
649 2680 768 2754 erepto
799 2672 841 2735 de
872 2671 986 2736 carnis
1014 2690 1132 2752 ergas-

188 2771 275 2848 tulo,
306 2779 341 2836 et
368 2773 411 2836 ad
445 2773 597 2855 paradisi
627 2772 776 2836 caelestis
806 2770 1059 2854 jocunditatem
1098 2778 1134 2834 et

189 2872 353 2954 requiem,
382 2873 472 2937 sicut
498 2890 676 2954 speramus
708 2878 744 2935 et
766 2869 948 2946 credimus,
976 2876 1132 2946 evocato,

189 2970 306 3034 dilecti
336 2970 398 3035 filii
425 2971 687 3035 Cantuariensis
715 2977 905 3034 conventus
933 2968 1133 3032 electionem

188 3070 396 3134 celebratam
417 3073 461 3134 ab
480 3071 530 3134 eis
552 3070 595 3133 de
609 3069 780 3146 Waltero,
797 3067 965 3132 monacho
981 3066 1134 3130 Cantua-

188 3169 305 3252 riensi,
322 3170 420 3233 nobis
439 3176 650 3252 praesentare
667 3175 851 3246 curarunt3
874 3186 945 3249 qna
959 3172 1038 3248 post
1053 3186 1134 3249 cog·

189 3269 263 3332 nita
278 3269 455 3333 electionis
470 3270 605 3346 merita,
622 3276 658 3332 et
673 3268 872 3331 examinata
888 3285 1045 3348 personae
1061 3266 1134 3332 lite·

187 3375 318 3446 ratura,
336 3368 477 3451 justitia
498 3368 683 3444 mediante,
701 3373 851 3442 cassata,
869 3366 1043 3429 hominem
1063 3364 1135 3428 cnl-

188 3469 302 3545 minis,
323 3487 425 3550 quem
445 3469 632 3549 pervitam
652 3475 688 3531 et
707 3467 899 3543 scientiam,
922 3465 1134 3530 intellectum

188 3567 318 3650 pariter
345 3575 380 3631 et
404 3566 576 3644 affectum,
602 3567 647 3631 ad
674 3568 860 3649 imaginem
883 3572 919 3631 et
940 3562 1135 3629 similitudi·

189 3685 266 3728 nem
284 3667 351 3731 Dei
367 3666 552 3743 conditum,
573 3666 756 3732 habentem
772 3687 834 3749 per
850 3666 1037 3729 salutarem
1053 3663 1135 3727 doc-

188 3765 314 3828 trinam
332 3767 413 3829 vitae
430 3766 653 3848 spiraculum,
672 3766 708 3829 in
728 3766 900 3849 paradiso,
919 3770 959 3826 ut
975 3770 1137 3845 operetur

188 3872 224 3928 et
240 3864 414 3929 custodiat
431 3864 542 3940 illum,
559 3866 723 3929 duximus
742 3862 989 3939 collocandum,
1008 3863 1136 3944 magis-

188 3970 280 4027 trum
300 3964 526 4041 Richardum,
547 3964 735 4029 Lincolniae
757 3963 1011 4040 cancellarium,
1034 3981 1136 4044 quem

451 4169 458 4200 ¹
469 4173 596 4235 Custode]
614 4167 766 4222 ‘custodie‘
778 4172 804 4219 in
816 4171 873 4220 MS.
