2864 4866
368 406 507 454 rnonns
530 403 800 457 ursronmnuu.
990 393 1057 457 333

111 585 252 641 annum,
278 566 481 647 speciosam,
501 565 584 629 flore
610 566 821 649 virginitatis
843 566 1055 647 insignitam,
1069 582 1191 622 tlt-1²³⁵·

111 665 320 728 indumentis
343 673 379 728 et
395 665 546 729 moribus
572 667 676 747 regiis
698 666 859 730 decenter
885 673 1056 743 ornatam,

110 765 242 828 nuntiis
257 765 491 846 imperialibus
508 764 728 831 exhibebant.
781 765 832 830 At
845 766 909 844 illi,
925 786 1003 829 cum
1020 767 1056 829 in

111 865 257 945 virginis
273 864 485 947 inspectione
499 865 608 928 visum
626 866 825 948 aliquandiu
843 874 1057 929 recreassent

112 972 148 1027 et
169 983 245 1027 eam
270 964 439 1046 imperiali
460 965 560 1028 thoro
582 965 820 1046 dignissimam
839 967 876 1029 in
899 966 1056 1029 omnibus

106 1062 336 1146 judicassent,
351 1064 642 1129 confirmaverunt
656 1066 911 1129 matrimonium
930 1065 967 1127 in
982 1066 1055 1128 ani-

113 1182 202 1226 mam
217 1165 436 1246 imperatoris
454 1165 659 1247 interposito
676 1165 889 1249 juramento,
910 1164 1055 1228 offeren-

113 1271 165 1326 tes
179 1264 211 1326 ei
230 1283 275 1326 ex
292 1272 391 1345 parte
405 1263 513 1346 ipsius
532 1264 750 1346 imperatoris
770 1264 936 1327 annulum
951 1284 1054 1345 spon-

111 1362 246 1441 salem3
281 1383 383 1445 quem
418 1383 496 1427 cum
528 1363 565 1426 in
598 1363 673 1446 ejus
705 1365 814 1445 digito
844 1365 1054 1446 posuissent,

113 1462 426 1544 pronuntiaverunt
440 1481 517 1525 eam
537 1463 788 1544 imperatricem
809 1483 886 1526 esse
905 1463 1056 1527 Romani

112 1561 258 1643 imperii,
275 1563 501 1624 communiter
516 1562 681 1638 dicentes,
696 1562 824 1626 ‘Vivat
840 1563 1054 1644 imperatrix,

113 1662 210 1725 vivat
222 1660 246 1724 l’
272 1660 407 1724 Deinde
423 1680 499 1724 curn
517 1662 623 1743 legati
636 1680 690 1737 ea,
706 1681 785 1745 quae
799 1661 893 1726 facta
906 1663 1055 1740 fuerant,

112 1761 177 1823 sub
200 1761 292 1824 omni
315 1760 535 1823 festinatione
558 1760 759 1843 imperatori
782 1780 843 1844 per
865 1761 982 1824 fideles
1004 1761 1056 1823 in-

112 1861 303 1924 ternuntios
325 1860 555 1935 intimassent,
576 1869 657 1942 post
676 1860 881 1925 Paschalem
909 1861 1056 1924 solenni·

111 1967 218 2024 tatem
240 1960 334 2024 misit
346 1953 657 2042 ¹archiepiscopum
676 1960 917 2025 Coloniensem
937 1970 972 2025 et
989 1960 1057 2025 Lo-

112 2060 225 2124 vaniae
246 2059 367 2122 ducem
395 2079 473 2122 cum
494 2059 645 2123 virorum
674 2061 838 2124 nobilium
862 2060 972 2123 multo
998 2079 1056 2122 co·

113 2160 235 2223 mitatu
264 2160 301 2222 in
315 2157 494 2240 Angliam,
518 2160 578 2241 qui
599 2160 852 2241 imperatricem
879 2158 923 2220 ad
942 2159 1055 2240 ipsum

113 2258 298 2323 honorifice
320 2259 546 2340 perducentes
573 2259 828 2323 matrimonium
845 2258 919 2341 jarn
942 2257 1056 2320 initia-

112 2367 186 2421 tum
209 2366 244 2421 et
259 2367 373 2422 ratum
394 2366 629 2440 procurarent,
650 2359 742 2422 utin
763 2357 960 2439 cognitione
980 2376 1056 2421 car·

112 2459 184 2522 nali
198 2458 295 2522 lieret
311 2466 596 2523 consummatum.

125 2633 176 2698 Dc
189 2642 303 2698 ornatu
318 2633 458 2718 nuptiali
474 2633 683 2719 imperatricis
696 2644 724 2700 et
738 2632 837 2700 nobili
852 2645 1024 2720 apparatu.

161 2759 248 2823 Erat
277 2766 393 2822 autem
420 2758 564 2822 istarum
598 2765 717 2822 tantus
748 2766 937 2841 apparatus
969 2779 1056 2842 nup·
1069 2775 1216 2863 pappum

110 2860 248 2936 tiarum,
268 2859 361 2940 quod
385 2859 486 2941 quasi
515 2857 630 2939 regias
652 2858 818 2921 excedere
842 2857 982 2922 divitias
1004 2860 1056 2921 vi·
1069 2835 1117 2934 ilie
1125 2836 1220 2914 53:1-

109 2959 279 3037 debatur3
305 2977 386 3021 nam
412 2958 456 3021 ad
476 2958 585 3040 ipsius
603 2957 831 3038 imperatricis
852 2956 1055 3037 dignitatem
1069 2935 1171 2975 mmm

110 3059 280 3123 fabricata
301 3066 354 3122 est
371 3076 498 3122 corona
524 3077 628 3140 opere
655 3057 880 3120 subtilissimo
905 3075 949 3118 ex
972 3075 1057 3119 auro

109 3159 294 3241 purissimo
321 3166 357 3221 et
381 3156 525 3239 gemmis
555 3157 728 3239 pretiosis,
761 3157 796 3218 in
826 3174 896 3237 qua
930 3156 1058 3237 sculpti

109 3260 249 3322 fuerunt
279 3277 378 3340 reges
412 3263 561 3339 quatuor
590 3255 785 3338 Anglorum
819 3262 989 3337 martyres
1022 3267 1057 3319 et

109 3358 335 3435 consessores,
363 3357 422 3439 qui
450 3376 472 3419 a
502 3375 583 3438 rege
609 3355 652 3420 ad
677 3374 750 3419 suae
776 3356 904 3418 sororis
933 3355 1057 3417 animae

110 3458 302 3523 custodiam
328 3463 410 3521 sunt
429 3456 624 3537 specialiter
645 3455 827 3536 assignati.
880 3454 923 3516 In
946 3473 1057 3518 annu·

109 3560 153 3625 lis
185 3557 352 3642 siquidem
383 3563 419 3620 et
444 3555 628 3619 monilibus
661 3555 775 3618 aureis
806 3573 883 3617 cum
913 3555 1058 3635 gemmis

109 3658 270 3741 pretiosis
290 3655 450 3719 decenter
467 3654 611 3732 ornatis,
627 3674 668 3719 ac
691 3654 825 3718 caeteris
848 3654 1057 3717 ornamentis

109 3758 263 3835 lubricis,
288 3755 399 3838 peplis
420 3755 539 3819 sericis
566 3762 601 3818 et
624 3755 734 3831 lineis,
758 3760 793 3816 et
815 3754 916 3817 rebus
944 3755 1056 3816 consi-

111 3858 261 3933 milibuS,
279 3875 357 3937 quae
374 3855 492 3919 oculos
508 3855 717 3919 intuentium
735 3862 770 3918 et
786 3855 918 3916 animos
935 3872 1057 3937 rapere

146 4060 378 4124 'Arcbiepiscopum
402 4059 573 4108 eoeneum.
598 4060 727 4109 mendaret
737 4060 771 4108 ad
788 4060 962 4119 imperatorem
979 4057 1059 4107 dedu·

108 4133 224 4181 ‘Littera
239 4132 307 4192 regis
324 4129 514 4190 archiepiscopo
526 4129 574 4178 Co·
600 4130 705 4178 cendam
714 4124 736 4190 ;'
755 4130 859 4191 Rymer,
870 4129 888 4178 i.
899 4143 925 4190 p.
937 4133 994 4178 225.

108 4203 226 4265 loniensi,
247 4200 316 4262 quod
336 4214 445 4249 sororem
465 4200 490 4246 ei
509 4214 574 4248 com·
