2864 4866
344 379 410 443 104
602 392 737 441 nocam
761 393 808 440 nn
826 390 1033 441 wannovnx

184 567 307 608 aulae·
346 561 509 637 gerentur
536 552 579 618 ad
611 552 900 617 deambulandum
935 561 1045 617 metas
1077 552 1297 627 forestarum,

346 660 386 718 ut
408 674 470 737 per
491 660 744 718 sacramentum
766 673 898 730 eorum,
920 671 999 735 quae
1023 652 1161 716 forestae
1183 670 1296 714 rema-

347 774 429 819 nere
449 762 488 819 ut
508 753 648 818 fuerunt
665 752 761 836 prius
782 760 818 817 et
833 771 912 835 quae
934 752 1171 818 deafforestari
1193 751 1296 815 debe·

346 862 420 931 ant,
445 854 672 918 discernatur.
726 853 837 916 Facta
868 853 986 936 itaque
1017 854 1053 918 in
1083 853 1178 918 brevi
1209 851 1297 933 regii

347 955 570 1019 exsecutione
591 952 758 1030 mandati,
780 953 863 1017 licet
881 972 950 1018 non
972 953 1046 1017 sine
1065 971 1194 1035 magna
1213 972 1296 1016 con·

348 1054 552 1119 tradictione
590 1054 827 1136 plurimorum,
863 1054 1036 1118 concessis
1077 1052 1295 1119 libertatibus

347 1154 476 1237 singuli
495 1156 550 1219 usi
572 1161 666 1231 sunt,
688 1152 731 1217 de
751 1154 865 1217 boscis
885 1153 957 1216 suis
979 1152 1128 1237 propriis
1146 1152 1296 1217 venden-

348 1263 413 1332 tes,
442 1262 575 1319 essarta
604 1254 783 1331 facientes,
810 1254 939 1318 bestias
964 1261 1143 1331 venantes,
1166 1260 1294 1317 terram

348 1355 512 1418 arabilem
538 1355 581 1418 de
602 1354 733 1417 inculta
758 1353 943 1432 sulcantes
974 1353 1025 1418 ita
1047 1354 1139 1438 quod
1165 1354 1208 1418 de
1237 1373 1296 1416 ne-

348 1455 501 1519 moribus
521 1453 772 1518 deafforestatis
795 1473 913 1518 omnes
933 1473 997 1537 pro
1017 1455 1116 1518 libitu
1135 1454 1296 1537 dispone-

348 1556 453 1634 bant3
476 1568 511 1619 et
526 1575 595 1618 non
612 1555 723 1618 solum
740 1554 907 1632 homines,
926 1574 1044 1618 verum
1060 1554 1164 1618 etiarn
1180 1574 1296 1632 canes,

348 1657 409 1739 qui
435 1656 531 1739 prius
555 1653 747 1737 expeditori
774 1655 945 1732 solebant,
972 1654 1034 1717 bas
1058 1654 1237 1719 libertates
1259 1673 1297 1718 se

349 1755 475 1820 babere
497 1755 705 1838 gaudebant.
758 1753 1005 1819 Communibus
1026 1774 1107 1819 vero
1129 1754 1296 1819 libertati-

348 1857 413 1920 bus
443 1864 636 1938 magnates
665 1855 792 1918 milites
822 1863 856 1919 et
885 1855 991 1918 libere
1019 1862 1176 1920 tenentes
1209 1854 1297 1919 adeo

349 1957 403 2021 usi
423 1964 517 2034 sunt,
532 1955 638 2039 -quod
664 1974 727 2018 nec
751 1955 824 2018 iota
855 1956 1024 2020 nnumin
1051 1956 1143 2038 regis
1174 1955 1297 2020 charta

348 2064 547 2121 contentum
564 2055 700 2120 exstitit
714 2055 990 2136 praetermissum.

456 2229 505 2294 Dc
519 2229 688 2295 collectione
705 2231 938 2317 quintadecima
951 2233 997 2298 cd
1010 2255 1084 2319 opus
1097 2234 1187 2320 reple.

186 2373 269 2413 raon
418 2351 520 2418 Circa
554 2356 691 2421 eosdem
723 2356 871 2440 denique
909 2359 983 2423 dies
1023 2358 1296 2441 quiutaedecimae

186 2424 307 2514 iiiiii?
350 2453 459 2536 partis
487 2455 654 2519 medietas
678 2458 786 2522 totius
815 2460 913 2540 regni
941 2459 1091 2523 omnium
1120 2459 1298 2523 mobilium

350 2559 385 2617 et
413 2574 525 2617 rerum
562 2554 758 2621 habitarum
795 2559 970 2642 colligitur
1000 2559 1042 2623 ad
1074 2579 1161 2642 opus
1192 2561 1297 2641 regis,

349 2655 522 2718 concessis
542 2655 690 2721 induciis
712 2657 754 2721 de
777 2658 888 2723 altera
911 2660 1095 2723 medietate
1121 2661 1296 2742 usquead

350 2754 475 2817 festum
507 2757 619 2820 sancti
648 2757 842 2822 Michaelis
906 2759 1035 2824 Eodem
1064 2778 1156 2823 anno
1188 2759 1297 2842 Hugo

350 2852 476 2935 Bigod,
504 2875 618 2920 comes
647 2857 874 2923 Orientalium
901 2858 1108 2942 Auglorum,
1139 2859 1298 2924 humanae

350 2962 485 3019 naturae
515 2955 666 3021 debitum
692 2958 808 3036 solvit,
835 2959 935 3043 cujus
957 2967 1068 3024 terras
1092 2967 1128 3024 et
1150 2959 1298 3024 bonores

351 3073 469 3118 omnes
488 3076 548 3119 rex
570 3058 634 3120 sub
647 3057 832 3140 justiciarii
849 3059 1006 3124 custodia
1023 3060 1214 3142 deputavit.

597 3235 647 3298 Dc
661 3232 836 3299 concubinis
851 3234 1050 3301 sacerdotum.

187 3373 310 3414 acantho
400 3357 531 3421 Eodem
548 3377 643 3443 anno
659 3360 768 3424 exivit
785 3360 959 3424 decretum
977 3363 1021 3426 ab
1039 3361 1297 3448 archiepiscopo

186 3424 335 3526 iiiiiiiiiiy.
351 3455 604 3522 Cantuariensi
631 3466 665 3522 et
693 3460 864 3543 episcopis
901 3462 976 3546 ejus
1006 3462 1271 3545 suffraganeis
1261 3485 1297 3530 m

350 3555 441 3620 hunc
463 3556 613 3621 modum.
671 3557 880 3625 Concubinae
904 3563 1119 3628 sacerdotum
1141 3571 1177 3628 et
1197 3565 1297 3629 cleri-

350 3675 479 3733 corum,
513 3657 573 3739 qui
604 3656 696 3722 infra
731 3679 848 3725 sacros
887 3661 1023 3726 ordines
1051 3665 1231 3729 constituti
1262 3674 1298 3730 et

349 3755 544 3820 beneficiati
569 3765 663 3836 sunt,
686 3759 919 3824 ecclesiastica
943 3771 1085 3827 careant
1107 3765 1296 3847 sepultura,

350 3855 416 3919 nisi
438 3875 522 3920 sane
547 3877 584 3920 se
608 3859 822 3924 correxerint
845 3868 881 3925 et
899 3862 1101 3942 incolumes,
1121 3865 1175 3929 vel
1197 3872 1299 3931 tanta

350 3975 467 4019 earum
488 3957 523 4020 in
544 3961 707 4022 extremis
729 3969 897 4044 appareat
915 3964 1133 4048 poenitentia,
1156 3972 1298 4048 propter

349 4074 452 4138 quam
475 4077 543 4121 non
572 4059 743 4126 immerito
765 4081 842 4126 cum
867 4064 917 4127 eis
944 4064 1068 4130 debeat
1091 4066 1296 4147 dispensari.

349 4155 452 4235 Item,
487 4178 556 4223 non
591 4160 801 4249 recipiantur
833 4163 875 4235 ad
912 4165 1066 4228 osculum
1095 4165 1204 4250 pacis,
1235 4187 1298 4232 nec
