2864 4866
410 409 549 458 neonus
573 408 840 458 ursroruxuuu.
1035 390 1101 455 169

148 574 243 633 statu
281 566 361 630 fidei
400 572 436 630 et
467 567 644 650 religionis
675 565 897 632 observantia
933 574 1026 631 stent
1054 586 1099 630 ex
1112 577 1236 618 A·1>-¹²²⁸·

148 669 275 745 animo,
303 673 471 749 tanquam
493 676 745 751 prosequentes
767 667 896 748 singuli
922 667 1099 750 proprium

149 769 327 846 interesse,
354 785 395 830 ac
424 767 635 832 salutaribus
667 767 807 832 monitis
836 766 1013 831 effectibus
1041 785 1100 830 eos

149 874 185 932 et
197 867 497 931 exhortationibus
512 868 675 931 inducere
692 888 762 932 non
776 875 976 951 postponas.
1026 865 1100 929 Da·

150 974 223 1032 tum
240 966 415 1045 Laterani,
435 986 544 1032 nonas
566 964 733 1050 Augusti,
750 967 972 1050 pontificatus
991 966 1101 1031 nostri

150 1087 240 1133 anno
256 1066 430 1132 secundo!
476 1075 478 1079 ’

151 1238 304 1313 Quomodo
311 1240 449 1332 populos
463 1242 623 1306 Emmaus
637 1241 785 1307 ocmtauit
800 1242 977 1309 seditionem
994 1252 1103 1308 contro

441 1343 616 1406 Ronlanum
623 1343 810 1427 pontificem.

208 1465 278 1529 Per
294 1465 384 1528 idem
401 1472 537 1548 tempus
558 1465 707 1548 populus
726 1465 906 1529 Romanus
922 1466 959 1528 in
975 1485 1103 1550 papam
1116 1490 1223 1539 nnepope

153 1563 361 1647 Gregorium
383 1557 603 1630 ¹seditionem
620 1558 814 1629 excitantes
830 1566 867 1628 in
884 1567 1104 1631 solemnitate
1117 1541 1267 1640 blitilde

155 1665 318 1729 Paschali
352 1665 450 1728 illum
482 1665 657 1748 ejecerunt
683 1667 726 1729 ab
755 1667 850 1743 urhe,
884 1667 1104 1749 insequentes
1117 1641 1196 1692 p⁰⁰⁹¹⁰'

151 1785 229 1830 eum
247 1784 356 1848 usque
374 1764 570 1829 Viterbium
600 1765 780 1830 castellum
809 1786 922 1842 suum,
948 1768 1008 1829 ubi
1034 1767 1104 1831 sor-

154 1866 236 1930 titer
259 1865 511 1930 invalescentes
536 1865 744 1947 fugaverunt
767 1885 845 1929 eum
868 1886 977 1949 usquo
995 1865 1105 1931 Peru·

153 1965 254 2030 sium·
306 1965 415 2049 Papa,
433 1966 527 2047 aliud
550 1966 713 2030 vindictae
735 1985 845 2047 genus
870 1986 940 2030 nou
963 1966 1105 2044 habens,

152 2073 390 2149 persecutores
419 2085 502 2130 suos
536 2067 902 2130 excommunicationis
933 2068 1106 2130 sententia

157 2166 349 2231 innodavit.
403 2165 535 2230 Eodem
556 2174 710 2248 tempore
731 2185 793 2229 rex
812 2166 1025 2229 Francorum
1042 2167 1105 2230 mi·

156 2267 202 2330 sit
231 2267 267 2329 in
297 2265 517 2330 Provinciam
545 2285 649 2349 super
679 2267 838 2330 comitem
869 2265 1105 2331 Tholosanum

156 2366 410 2449 expeditionem
428 2386 498 2430 non
512 2366 681 2431 modicam
704 2367 899 2444 militarem,
922 2375 962 2431 nt
977 2366 1107 2430 dictum

157 2466 317 2531 comitem
350 2467 562 2531 debellarent
588 2474 623 2530 et
649 2466 787 2530 abillis
813 2466 937 2530 linibus
964 2466 1106 2549 propul-

157 2572 287 2631 sarent.
322 2563 515 2630 Audientes
530 2573 645 2630 autem
663 2567 755 2648 quod
771 2568 884 2631 dictus
900 2586 1015 2631 comes
1033 2573 1108 2647 erat

158 2673 242 2731 tuno
258 2666 351 2750 apud
361 2673 513 2731 castrum
527 2667 750 2743 Saracenum,
764 2667 857 2749 quod
873 2667 916 2730 ad
930 2667 990 2750 jus
1006 2686 1108 2730 suum

157 2775 314 2850 spectare
339 2767 533 2844 videbatur,
555 2767 782 2830 decreverunt
804 2787 882 2829 eum
905 2767 1031 2830 ibidem
1054 2767 1108 2830 in·
1177 2823 1180 2828 .

159 2867 293 2931 clusum
317 2867 493 2930 obsidione
510 2866 662 2945 vallare3
690 2885 804 2930 comes
822 2887 903 2931 vero
928 2867 970 2929 de
989 2886 1109 2930 eorum

158 2966 310 3031 adventu
333 2966 560 3050 praemunitus
580 2986 658 3030 cum
678 2966 812 3047 ingenti
835 2967 935 3048 copia
957 2973 1108 3028 armato·

160 3087 237 3130 rum
250 3067 319 3130 illis
335 3067 552 3131 venientibus
579 3067 721 3129 insidias
738 3067 888 3148 paravit,
911 3072 946 3129 et
965 3066 1001 3128 in
1019 3066 1109 3129 silva

162 3166 324 3248 quadam,
346 3187 409 3250 per
431 3186 535 3249 quam
559 3167 686 3230 Franci
706 3171 806 3230 erant
822 3166 1012 3242 transituri,
1029 3185 1108 3229 cum

160 3267 232 3330 suis
262 3267 467 3332 delitescens
490 3266 640 3330 hostium
666 3265 885 3348 exspectavit
909 3264 1109 3329 adventum.

159 3365 388 3430 Venientibus
405 3373 521 3430 autem
537 3366 763 3447 Francigenis
786 3365 831 3429 ad
852 3365 967 3430 locum
989 3365 1109 3428 insidi-

164 3486 275 3544 arum,
301 3467 402 3532 irruit
428 3465 465 3530 in
492 3485 553 3530 eos
579 3486 656 3530 cum
681 3466 753 3528 suis
779 3465 972 3547 legionibus
995 3484 1110 3530 comes

197 3658 205 3688 ¹
215 3658 365 3708 Seditionem
382 3658 547 3722 excitantes]
571 3659 625 3707 The
651 3659 683 3707 he
694 3656 807 3706 restored
818 3658 838 3704 it
848 3657 925 3719 again
935 3662 961 3705 to
972 3656 1113 3706 theformer

163 3731 236 3779 mode
259 3729 392 3791 employed
411 3730 446 3790 by
464 3729 582 3778 Frederic
600 3733 625 3778 to
644 3742 803 3789 possessore,
814 3731 840 3775 to
850 3729 883 3775 be
896 3726 954 3775 held
966 3728 999 3788 by
1007 3727 1074 3775 them
1085 3728 1112 3775 in

165 3801 250 3850 obtain
260 3798 311 3848 this
322 3799 445 3848 influence
456 3800 479 3848 is
495 3799 577 3849 stated
591 3800 625 3860 by
650 3797 703 3847 see:
720 3797 795 3846 when
806 3797 929 3845 therefore
941 3797 983 3845 the
999 3812 1114 3858 emperor

163 3885 179 3919 a
199 3874 388 3931 contemporary
409 3869 496 3919 writer
514 3873 540 3917 to
561 3869 625 3918 have
650 3883 705 3917 was
713 3866 1113 3929 againexcommunicated‚these

161 3942 226 3991 been
237 3953 267 3988 as
276 3939 391 3988 follows:
410 3939 452 3989 He
469 3943 525 3988 sent
539 3943 566 3987 to
582 3938 626 3987 the
651 3953 707 3987 meu
727 3937 826 3986 excited
844 3938 886 3986 the
904 3937 995 3999 people
1014 3938 1115 3998 against

165 4011 235 4060 chief
250 4024 317 4071 men,
335 4009 393 4058 ‘the
412 4003 582 4070 Frangipani,’
602 4008 630 4058 of
651 4009 693 4057 the
704 4007 939 4069 pope,andhewas
951 4008 1039 4056 driven
1050 4007 1113 4055 from

163 4081 207 4130 the
221 4081 283 4141 city,
296 4080 347 4128 und
359 4079 501 4128 demanded
516 4079 545 4127 of
559 4078 626 4127 them
652 4078 693 4127 the
712 4079 779 4138 city:
806 4078 914 4126 Conrad.
938 4079 1061 4139 Ursperg.
1087 4077 1114 4124 in

165 4167 198 4200 an
206 4151 347 4201 eccouutof
352 4149 394 4198 the
403 4149 478 4198 value
486 4148 515 4197 01⁴
520 4149 554 4198 all
562 4149 628 4198 their
653 4148 790 4211 Raynaldi,
800 4148 818 4198 i.
830 4164 856 4209 p.
869 4152 926 4196 606.

165 4225 284 4283 property
292 4232 301 4281 ;
311 4219 405 4282 having
415 4219 559 4282 purchased
567 4220 627 4279 this,
