2864 4866
431 403 572 452 rwnns
594 404 868 454 nrsroumnuu.
1055 393 1121 458 159

171 562 348 626 transtulit
369 563 415 626 ad
435 562 590 627 habenas
611 565 747 646 imperii
762 563 980 641 obtinendas,
992 564 1119 657 jocun-

169 662 227 739 da,
244 671 285 726 ut
301 663 517 741 credebatur,
532 665 701 747 auspicia,
726 665 787 728 sed
811 665 927 729 verius
954 665 1119 746 pericula,

168 763 288 826 matris
319 764 497 828 obtutibus
527 763 724 843 inserebat3
763 785 844 828 nam
881 774 1017 848 sponte,
1050 787 1118 830 non

170 863 313 939 monitu,
337 864 419 927 sede
444 865 639 947 apostolica
664 866 860 946 ignorante,
884 885 1022 929 crucem
1046 867 1120 930 suis

171 961 283 1026 affixit
306 963 470 1041 humeris,
502 985 633 1030 vovens
663 965 852 1029 solenniter
880 985 919 1029 se
948 966 985 1029 in
1016 974 1119 1031 terrae

170 1070 300 1127 sanctae
330 1065 521 1128 subsidium
548 1065 796 1147 profecturum.
848 1065 985 1129 Deinde
1013 1086 1051 1130 se
1083 1076 1119 1132 et

170 1163 257 1226 alios
275 1166 549 1246 crucesignatos
565 1167 859 1230 excommunicari
874 1167 1035 1243 obtinuit,
1050 1167 1119 1230 uisi

169 1270 263 1326 certo
293 1265 594 1346 proficiscerentur
625 1273 802 1348 tempore3
837 1266 898 1330 sed
928 1266 1120 1330 incidenter

170 1364 421 1429 absolutionem
444 1366 546 1448 petiit
566 1373 604 1429 et
628 1367 763 1448 accepit
780 1366 823 1429 de
842 1365 996 1449 parendo
1012 1386 1119 1449 super

170 1463 243 1528 baec
259 1465 432 1529 mandatis
441 1465 609 1541 ecclesias,
621 1467 718 1548 prius
734 1467 892 1548 praestito
903 1466 1117 1550 juramento.

171 1563 426 1629 Exuberantem
448 1573 566 1629 autem
592 1567 742 1647 gratiam
761 1587 865 1648 super
890 1566 1005 1649 ipsum
1033 1587 1118 1650 apo·

170 1666 293 1730 stolica
311 1666 411 1730 sedes
432 1665 630 1743 infundens,
650 1674 692 1729 ut
705 1666 927 1730 festinantius
945 1666 990 1730 ad
1014 1675 1117 1731 terrae

169 1772 299 1830 sanctae
313 1767 476 1830 transiret
489 1767 693 1843 subsidium,
714 1767 828 1849 ipsum
850 1774 972 1831 contra
986 1787 1116 1831 morem

169 1865 213 1928 ad
234 1885 397 1930 coronam
424 1868 576 1943 vocavit,
602 1868 663 1949 qui
688 1866 822 1930 adhoc
842 1887 913 1931 non
932 1868 1117 1944 invitatus,

170 1966 230 2029 sed
274 1967 513 2049 multiplicatis
550 1967 835 2030 intercessoribus
873 1967 1016 2030 invitari
1053 1986 1116 2049 per

168 2066 371 2148 magnificos
392 2068 532 2131 nuutios
553 2069 756 2145 consuevit3
787 2067 905 2148 sicque
935 2067 1025 2129 idem
1050 2067 1116 2130 sub

81 2232 85 2236 ,
169 2166 281 2230 crucis
294 2167 425 2232 vexillo
440 2167 609 2250 usquead
626 2168 701 2232 baec
722 2176 880 2250 tempora
898 2166 1040 2250 propria
1055 2186 1116 2230 ne-

169 2267 266 2347 gotia
281 2267 418 2349 plenius
439 2276 476 2332 et
496 2268 684 2351 perfectius
705 2267 969 2332 consummarit.
1021 2265 1116 2331 Tan-

168 2365 347 2431 demeum
378 2368 537 2431 manibus
558 2367 669 2432 felicis
691 2367 939 2433 recordationis
967 2365 1118 2431 Honorii

166 2485 280 2549 papae,
301 2467 565 2549 praedecessoris
587 2470 710 2545 nostri,
730 2469 768 2531 in
792 2469 885 2532 beati
906 2467 1002 2531 Petri
1022 2467 1116 2529 basi·

167 2566 236 2630 lica
253 2568 438 2650 recepisset
457 2568 629 2644 diadema,
646 2568 689 2631 de
702 2569 860 2631 manibus
877 2567 1017 2642 nostris,
1032 2573 1116 2630 tunc

168 2667 205 2729 in
227 2667 351 2731 minori
382 2666 494 2731 officio
521 2669 734 2744 constitutis,
755 2687 892 2732 crucem
920 2667 1116 2748 resumpsit,

168 2774 251 2831 voto
266 2768 403 2849 publice
417 2768 594 2832 innovato.
648 2767 771 2831 Plures
792 2768 857 2831 sub
879 2786 942 2849 spe
960 2768 1015 2829 sui
1036 2767 1116 2828 sub-

167 2866 246 2930 sidii
280 2867 325 2931 ad
350 2888 486 2932 crucem
514 2868 714 2932 sumendam
743 2868 892 2943 induxit,
923 2873 1116 2930 etcertum

166 2968 296 3051 recepit
317 2968 499 3032 terminum
517 2967 775 3032 transfretandi.
828 2965 961 3029 Habito
977 2985 1116 3049 quoque

167 3068 385 3150 postmodum
407 3069 499 3150 apud
515 3068 665 3133 Verulas
686 3087 764 3131 cum
787 3066 933 3131 ecclesia
955 3066 1116 3129 Romana

167 3167 353 3249 colloquio,
369 3168 505 3252 juravit
530 3168 680 3251 publice,
710 3187 749 3231 se
775 3168 811 3229 in
838 3173 934 3231 certo
956 3166 1115 3242 termino,

167 3287 190 3330 a
206 3268 368 3332 Romana
388 3269 454 3332 sibi
474 3268 620 3333 ecclesia
641 3267 863 3351 praefigendo,
887 3273 923 3329 et
949 3273 1116 3348 tanquam

166 3368 408 3451 imperatorem
445 3369 631 3433 honorifice
669 3367 914 3451 profecturum.
980 3365 1116 3428 Exinde

167 3468 260 3553 apud
275 3468 499 3532 Ferentinum
513 3470 551 3532 in
566 3468 739 3551 colloquio
760 3467 864 3530 simili
885 3467 1030 3530 duorum
1055 3484 1116 3527 au-

167 3588 289 3632 norum
305 3568 551 3633 transfretandi
566 3569 672 3650 elegit
685 3569 752 3632 sibi
767 3568 950 3631 terminum
973 3572 1009 3628 et
1025 3583 1115 3648 prae·

168 3667 267 3747 fixit3
291 3669 409 3752 sicque
428 3670 666 3744 transiturum,
693 3677 729 3732 et
751 3667 901 3732 nobilem
927 3666 1114 3741 mulierem,

166 3775 285 3832 natam
305 3770 473 3832 carissimi
494 3769 558 3833 filii
581 3769 689 3834 nostri
711 3770 748 3831 in
776 3767 915 3832 Christo
942 3766 966 3829 J
969 3765 1114 3830 ohannis

166 3869 258 3950 regis
270 3867 605 3954 Hierosolymorum,
617 3869 763 3933 illustris
773 3868 882 3949 ipsius
897 3866 994 3946 regni
1007 3865 1116 3928 haere-

166 3968 258 4046 dem,
273 3969 310 4032 in
323 3970 506 4053 conjugem
522 3977 751 4050 recepturum,
761 3966 947 4030 solenniter
959 3964 1115 4047 praestito

160 4069 361 4152 juramento
383 4069 593 4152 spopondit3
620 4067 827 4151 adjungens,
849 4065 941 4149 quod
963 4085 1025 4147 per
1050 4065 1115 4127 hoc

164 4169 210 4234 ad
226 4170 429 4253 obsequium
444 4177 546 4233 terrae
561 4175 704 4245 sanctae,
721 4188 792 4232 non
815 4174 855 4230 ut
879 4164 996 4230 caeteri
1018 4184 1116 4246 pere-

1131 586 1187 626 ab.
1197 589 1254 626 lm

1131 638 1256 687 ruem·

1131 688 1254 727 censerent

1130 739 1280 789 ‘hm
