2864 4866
353 410 420 474 244
605 424 741 472 nocam
766 425 812 470 un
836 421 1041 471 wannovna

192 599 251 643 an.
261 599 317 641 1232·
356 582 457 647 annis
484 580 632 663 singulis
659 587 770 644 terras
793 598 877 643 suas
907 587 942 644 et
964 580 1132 642 baronum
1165 598 1305 642 suorum

356 685 497 766 impune
530 688 762 764 pervagantes
794 689 829 744 et
859 680 1018 742 incendio
1047 689 1174 743 cuncta
1203 679 1307 762 depo-

358 785 518 868 pulantes
545 781 629 845 nihil
658 780 859 862 relinquunt
878 781 1068 859 intactum3
1092 781 1217 862 quibus
1243 800 1307 844 rex

357 882 547 967 rospondit,
563 887 573 915 ‘
587 878 737 958 Audivi:
754 881 878 963 inquit,
894 885 939 943 ‘a
961 879 1185 944 thesaurariis
1209 881 1308 956 meis,

358 984 450 1068 quod
472 982 626 1047 redditus
646 1000 765 1045 omnes
787 980 829 1045 de
853 981 1027 1045 scaccario
1055 1000 1131 1045 meo
1148 980 1209 1045 vix
1225 982 1309 1044 mihi

358 1083 533 1149 sufficiunt
562 1082 605 1145 ad
637 1081 827 1165 simplicem
857 1082 986 1145 victum
1019 1088 1055 1144 et
1077 1082 1244 1145 vestitum
1275 1090 1310 1146 et

359 1167 610 1267 eleemosyna&
623 1188 820 1258 consuetas,
835 1181 926 1245 unde
942 1188 1131 1264 paupertas
1149 1202 1217 1245 non
1232 1203 1311 1266 per-

360 1284 479 1361 mittit,
494 1290 534 1347 ut
547 1282 689 1348 bellicas
704 1281 885 1364 expediam
904 1283 1070 1345 actiones.
1113 1282 1214 1346 Tunc
1227 1303 1310 1348 con-

361 1385 481 1448 siliarii
512 1384 586 1465 regi
616 1383 878 1466 responderunt,
907 1382 971 1445 ‘Si
1003 1401 1136 1464 pauper
1167 1383 1228 1460 es}
1258 1386 1311 1447 in-

361 1486 498 1567 quiunt,
517 1483 603 1548 ‘tibi
625 1484 787 1566 imputes,
816 1481 876 1566 qui
902 1481 1050 1546 honores
1072 1490 1107 1546 et
1135 1483 1312 1548 custodias

362 1604 404 1648 ac
430 1584 618 1666 dignitates
641 1590 805 1647 vacantes
833 1584 883 1646 ita
909 1583 945 1646 in
971 1581 1058 1646 alios
1087 1585 1252 1648 transfers
1276 1593 1312 1649 et

363 1705 385 1749 a
401 1685 485 1748 fisco
501 1684 645 1759 alienas
668 1682 761 1764 quod
783 1683 901 1746 necin
925 1683 1056 1746 divitiis
1079 1684 1155 1747 auri
1175 1685 1231 1748 vel
1256 1705 1313 1748 ar-

363 1785 471 1868 genti,
503 1783 563 1847 sed
597 1783 673 1847 solo
707 1783 856 1860 nomine,
882 1803 946 1846 rex
969 1783 1094 1847 debeas
1120 1786 1311 1867 appellari;

364 1905 444 1948 nam
473 1891 708 1948 antecessores
738 1883 858 1960 vestri,
887 1903 987 1964 reges
1018 1885 1191 1966 magnifici
1219 1888 1313 1950 etin

363 1983 459 2050 omni
491 1984 689 2048 divitiarum
723 1983 836 2065 gloria
864 1983 1035 2061 ditissimi,
1068 2003 1139 2048 non
1163 1986 1314 2065 aliunde,

364 2085 426 2149 sed
447 2105 492 2148 ex
508 2085 607 2166 regni
629 2084 781 2148 exitibus
801 2091 837 2148 et
859 2084 1110 2162 emolumentis
1133 2085 1314 2151 thesauros

364 2185 612 2268 impretiabiles
636 2178 906 2266 congesserunt!
956 2184 1006 2249 At
1024 2205 1086 2248 rex
1112 2187 1157 2250 ab
1181 2187 1231 2251 eis
1262 2189 1315 2251 in-

365 2293 531 2364 structuS,
552 2304 640 2368 quos
662 2285 864 2349 nominatim
885 2286 1078 2367 exprimere
1098 2286 1195 2350 nefas
1211 2297 1315 2367 esset,

366 2392 402 2449 et
415 2387 633 2449 contumeliis
655 2391 876 2468 provocatus
896 2387 1004 2467 coepit
1019 2405 1040 2448 a
1055 2386 1315 2453 vicecomitibus

367 2492 403 2549 et
417 2485 556 2549 ballivis
573 2485 719 2568 aliisque
734 2485 900 2549 ministris
917 2487 989 2549 suis
1006 2486 1048 2549 de
1070 2487 1260 2552 redditibus
1281 2496 1316 2554 et

343 2639 345 2643 Α
366 2586 470 2649 rebus
497 2586 655 2649 omnibus
677 2587 721 2649 ad
746 2585 819 2649 fisci
843 2586 1058 2650 commodum
1081 2591 1318 2670 spectantibus

366 2685 586 2749 ratiocinium
609 2687 761 2767 exigere,
785 2693 821 2750 et
840 2687 1012 2769 quoslibet
1029 2687 1071 2751 de
1093 2687 1213 2752 fraude
1236 2710 1318 2754 con·

366 2786 480 2851 victos
498 2804 520 2848 a
536 2786 608 2849 suis
624 2784 742 2850 officiis
761 2786 936 2870 deponens
954 2788 1072 2869 exegit
1091 2789 1199 2852 abeis
1214 2809 1318 2872 pecu-

366 2887 461 2950 niam
484 2905 580 2951 suam
605 2887 708 2950 etiam
732 2907 808 2950 curn
828 2888 954 2964 usuriS,
977 2895 1012 2951 et
1027 2895 1147 2951 tenens
1162 2899 1318 2955 coarcta·

367 2987 429 3050 bat
441 3005 512 3062 eoS,
522 2986 821 3051 donecredderent
832 2986 983 3050 debitum
996 2988 1205 3054 universum.
1247 2990 1320 3055 Ra-

368 3085 535 3168 nulphum
554 3087 670 3163 etiam,
689 3094 918 3168 cognomento
933 3087 1151 3166 Britannum,
1173 3110 1318 3155 camerae

370 3205 443 3249 suae
469 3185 732 3263 thesaurarium,
755 3188 799 3250 ab
827 3185 938 3251 officio
964 3187 1139 3270 deponens
1162 3192 1253 3273 cepit
1275 3193 1319 3256 ab

369 3286 430 3350 illo
451 3286 545 3350 mille
564 3286 670 3350 libras
694 3287 841 3368 argenti,
868 3295 903 3351 et
921 3287 998 3352 loco
1022 3288 1115 3351 illius
1140 3293 1321 3356 substituit

371 3386 514 3451 Petrum
541 3386 584 3450 de
608 3380 788 3465 ²Rivallis,
815 3407 940 3469 genere
967 3387 1220 3454 Pictavensem.
1274 3392 1321 3457 Et

370 3488 420 3553 sic
449 3486 600 3568 undique
629 3487 762 3551 loculos
795 3507 858 3550 rex
878 3488 1018 3572 jejunos
1043 3489 1078 3552 in
1106 3490 1212 3568 brevi,
1238 3491 1320 3556 licet

371 3607 441 3651 non
457 3587 562 3670 plena
579 3587 741 3668 gravidos
759 3588 914 3671 crapula,
932 3590 1118 3672 reparavit.

407 3782 834 3856 ¹Eleemcryaasconsroetas.]1tap·
857 3789 1320 3854 veralmonasteries;'l'yr.,ii.p.874.

371 3871 446 3918 pears
458 3857 521 3905 lrom
537 3858 579 3906 the
599 3859 665 3919 Pipe
685 3859 766 3921 Rolls,
780 3859 835 3908 that
895 3855 1040 3922 2literanis]
1058 3857 1204 3911 ‘Orivallis’
1216 3864 1242 3912 in
1254 3865 1322 3928 MS„

371 3926 441 3975 there
453 3941 520 3977 vvere
531 3928 619 3989 yearly
629 3929 747 3989 pensione
759 3935 784 3978 to
796 3944 834 3979 se·
859 3931 906 3978 but
919 3929 1024 3979 marked
1036 3929 1075 3979 ior
1085 3933 1233 3983 correction.
