2864 4866
322 402 386 469 158
573 416 708 466 nocem
733 417 779 465 nn
805 416 1012 466 wnnoovmr

160 593 215 632 nn.
225 593 284 661 nar.
322 572 429 636 flante
444 577 547 634 vento
564 569 676 652 plenis
691 569 777 634 velis
796 569 840 633 ad
854 575 991 651 portum
1006 567 1170 644 tenditur,
1188 568 1269 630 sub·

159 644 283 734 ἷεῖἶιῗῗῖῧῖ
320 673 370 737 ito
387 678 511 736 ventus
538 671 670 733 irruens
697 690 742 733 ex
767 669 925 746 adverso,
945 668 1114 749 impulsus
1140 669 1184 730 ab
1210 668 1271 732 illo

160 745 308 794 ²¹¹⁸⁶m⁹⁰r⁰⁵
321 772 422 855 cujus
434 771 565 835 halitus
580 770 699 834 ardere
712 769 808 847 facit,
824 769 867 832 ad
885 767 1101 832 altitudinem
1116 769 1220 831 maris
1236 775 1272 831 et

322 872 558 936 turbulentum
587 869 833 953 profunditatis
857 888 1023 933 oceanum
1051 868 1150 932 navis
1180 869 1273 951 rapi·
1375 862 1378 866 ’

322 979 390 1050 tur,
414 991 492 1054 quae
514 972 628 1035 cincta
649 970 811 1034 fluctibus
835 969 1013 1050 mergitur,
1036 988 1100 1031 nec
1121 969 1275 1032 submer-

323 1072 429 1154 gitur,
446 1072 529 1154 quia
546 1071 582 1133 in
600 1089 642 1134 ea
659 1070 831 1134 Dominus
853 1069 1006 1132 residens
1024 1068 1271 1150 discipulorum

323 1171 462 1235 tandem
488 1171 695 1235 clamoribus
721 1170 908 1246 excitatur,
935 1168 1017 1232 dum
1044 1169 1143 1250 fugat
1171 1169 1273 1251 spiri·

323 1279 379 1335 tus
408 1271 635 1348 insufflantes,
659 1277 696 1334 et
720 1271 808 1334 mari
835 1269 1016 1351 ventisque
1047 1268 1207 1350 imperat,
1233 1269 1273 1332 fit

323 1371 558 1454 tranquillum.
619 1369 780 1448 Quatuor
807 1369 945 1452 quidem
971 1369 1132 1453 procellae
1158 1370 1273 1451 quati·

323 1482 387 1535 unt
400 1491 523 1536 navem
539 1473 666 1550 istam;
690 1489 770 1534 nam
788 1469 919 1554 perfida
937 1488 1153 1551 paganorum
1169 1471 1272 1533 turba

323 1578 451 1634 terram
483 1572 649 1654 inclytam
679 1569 808 1634 Christi
838 1570 1006 1651 sanguine
1035 1577 1272 1634 consecratam

323 1671 427 1754 impie
459 1672 613 1736 detinere
642 1670 875 1749 contendunt;
908 1670 1021 1733 rabies
1048 1676 1274 1753 tyrannorum

324 1773 528 1854 temporalia
546 1772 684 1853 rapiens
708 1771 917 1835 exterminat
934 1769 1108 1852 justitiam
1135 1777 1170 1834 et
1190 1790 1274 1836 con-

324 1873 438 1936 culcat
454 1871 721 1937 ecclesiasticam
736 1871 946 1950 libertatem3
969 1870 1207 1934 haereticorum
1223 1872 1273 1934 in-

324 1973 424 2036 sania
456 1971 585 2036 Christi
617 1972 771 2034 tunicam
796 1958 962 2034 scindere*
982 1970 1106 2034 nititur
1131 1980 1166 2035 et
1195 1973 1275 2035 sub-

323 2080 457 2137 vertere
482 2072 560 2135 fidei
586 2079 863 2151 sacramentum
890 2071 1057 2134 falsorum
1073 2071 1217 2135 fratrum
1240 2080 1275 2136 et

323 2171 472 2236 filiorum
505 2171 627 2236 dolosa
656 2170 865 2253 perversitas
895 2171 1048 2235 concutit
1075 2171 1209 2235 viscera
1240 2180 1275 2237 et

322 2272 416 2337 latus
433 2272 598 2336 dilacerat
615 2272 734 2335 matris
752 2290 836 2335 suae.
892 2271 1016 2353 Sioque
1034 2270 1117 2334 foris
1135 2292 1274 2355 pugneo,

322 2373 418 2435 intus
438 2373 603 2451 timores3
627 2379 729 2436 extra
752 2371 914 2436 interficit
935 2370 1083 2453 gladius,
1110 2379 1145 2435 et
1164 2372 1274 2435 domi·

323 2472 388 2536 bus
409 2491 501 2535 mors
528 2471 687 2535 similiter
706 2472 919 2552 intentatur3
945 2471 1064 2553 sicque
1078 2472 1276 2554 frequenter

323 2572 375 2649 fit,
402 2572 492 2654 quod
523 2571 653 2636 Christi
680 2571 826 2636 ecclesia
853 2578 908 2635 tot
935 2572 1104 2652 angustiis
1140 2580 1276 2655 pertur-

323 2673 450 2751 batur,
481 2672 563 2735 dum
592 2671 684 2735 alere
717 2672 825 2736 credit
855 2671 957 2749 filios,
992 2672 1101 2736 nutrit
1129 2672 1166 2735 in
1195 2673 1274 2738 sinu

322 2773 451 2853 ignem,
474 2779 651 2855 serpentes
677 2779 711 2836 et
730 2772 882 2855 regulos,
905 2772 965 2854 qui
985 2770 1071 2835 flatu
1099 2777 1135 2835 et
1158 2792 1275 2838 morsu

323 2879 359 2935 et
380 2872 539 2935 incendio
561 2879 687 2936 cuncta
708 2880 847 2936 vastare
876 2873 1044 2935 nituntur.
1091 2870 1185 2936 Hinc
1210 2882 1276 2951 est,

323 2972 415 3053 quod
442 2971 486 3035 ad
508 2978 664 3036 monstra
693 2970 890 3054 hujusmodi
914 2971 1125 3054 perimenda,
1153 2980 1189 3036 et
1213 2992 1275 3037 ex·

323 3072 529 3154 pugnandos
560 3072 651 3136 acies
681 3072 850 3149 inimicas,
880 3072 923 3136 ad
950 3078 1195 3155 tempestatum
1222 3074 1276 3137 irr-

306 3189 308 3193 ’
325 3171 543 3254 quietudines
559 3171 781 3254 mitigandam,
796 3172 989 3256 apostolica
1009 3173 1107 3235 sedes
1123 3172 1177 3236 his
1192 3181 1277 3238 tem-

324 3272 464 3354 poribus
482 3293 560 3336 cum
578 3273 688 3337 multa
704 3271 884 3354 diligentia
898 3272 1069 3355 quendam
1087 3272 1277 3353 alumnum,

213 3382 216 3389 '
323 3371 566 3454 imperatorem
584 3372 744 3436 videlicet
761 3372 993 3449 Fredericum,
1017 3392 1118 3454 quem
1136 3376 1236 3455 quasi
1255 3395 1277 3439 a

324 3474 444 3537 matris
468 3480 567 3537 utero
591 3473 741 3555 excepit,
761 3473 923 3537 uberibus
943 3472 1100 3550 lactavit,
1125 3473 1276 3539 humeris

323 3572 506 3655 bajulavit,
534 3572 577 3637 de
599 3574 758 3638 manibus
779 3573 1006 3655 quaerentium
1028 3572 1177 3637 animam
1200 3575 1277 3658 ejus

324 3671 523 3755 frequenter
538 3672 677 3755 eripuit,
692 3674 838 3738 educare
856 3672 1001 3749 studuit,
1016 3673 1132 3738 multis
1150 3674 1278 3738 labori-

323 3773 389 3835 bus
411 3780 447 3836 et
471 3775 633 3855 expensis
654 3793 764 3856 usque
787 3774 831 3837 ad
854 3774 965 3838 virum
984 3772 1175 3854 perfectum
1198 3794 1278 3856 per·

326 3872 438 3949 duxit,
462 3875 505 3936 ad
531 3874 633 3956 regiae
650 3874 831 3956 dignitatis
849 3873 1006 3938 decorem
1025 3881 1060 3937 et
1077 3874 1216 3937 tandem
1233 3876 1276 3940 ad

324 3971 502 4054 fastigium
535 3974 694 4038 culminis
720 3974 908 4056 imperialis
935 3973 1109 4057 provexit,
1136 3975 1278 4040 credens

323 4072 419 4137 illum
449 4073 576 4138 habere
601 4073 808 4138 defensionis
831 4075 967 4156 virgam
990 4081 1025 4137 et
1040 4074 1201 4137 baculum
1222 4096 1278 4140 se-

324 4173 484 4238 nectutis.
537 4173 619 4258 Ipse
649 4182 777 4252 autem,
802 4174 884 4238 dnm
908 4175 944 4238 in
978 4173 1207 4239 Teutonicam
1239 4196 1278 4240 se
