2864 4866
441 405 581 454 amans
604 405 883 455 maronmuuu
1070 392 1136 456 319

183 574 253 631 tem
271 564 314 629 ad
323 563 410 629 eum
420 565 793 649 visitandumpropter
803 566 930 630 samam
943 565 1135 647 religionis,
1148 582 1204 672 ἐῶ.
1215 583 1270 671 ¹3³4-

184 685 288 749 quam
308 666 418 750 juxta
447 667 644 749 opinionem
666 667 776 731 totius
803 666 953 747 regionis
975 665 1136 744 babebat,
1166 643 1241 682 ‘m'

184 765 292 831 vieini
309 766 385 849 ejus
402 766 545 830 abbates
558 773 594 829 et
606 766 751 847 priores,
774 767 1013 847 ignorantibus
1034 786 1136 830 cune-

185 866 243 942 tis,
258 865 350 948 quod
367 865 471 948 lupus
494 871 587 929 esset
601 865 636 927 in
652 864 772 929 fabula
793 874 829 931 et
846 855 970 947 anguis
992 873 1085 930 esset
1100 867 1137 929 in

186 964 303 1028 herba.
351 964 586 1029 comantem
617 983 711 1046 aeger
735 965 795 1028 ille
826 965 990 1048 praelatos
1020 965 1065 1029 ad
1092 985 1136 1029 se

186 1065 362 1130 venientes
386 1070 585 1129 reverenter
605 1064 787 1142 salutaret,
810 1065 940 1128 nullam
962 1064 1136 1129 tumendo

186 1165 299 1228 salute
324 1163 448 1228 animae
466 1183 539 1228 suae
561 1163 644 1228 fecit
659 1165 880 1241 mentionem,
902 1164 969 1226 nisi
990 1165 1034 1227 ob
1057 1163 1136 1242 boc,

187 1263 278 1346 quod
307 1265 471 1345 praelatos
493 1264 572 1326 illos
594 1263 741 1345 diligens
763 1263 895 1346 legavit
909 1262 978 1327 illis
995 1262 1134 1326 bladum

186 1375 255 1426 non
285 1360 469 1439 modicum,
496 1361 588 1445 quod
613 1363 649 1425 in
674 1362 770 1427 curia
795 1381 861 1425 sua
886 1369 988 1425 extra
1012 1360 1136 1425 horrea

186 1463 337 1544 positum
361 1461 521 1539 babebat,
548 1462 706 1526 dividens
732 1461 818 1524 illud
846 1459 1004 1542 singulis,
1031 1470 1136 1544 prout

188 1563 252 1625 sibi
277 1560 400 1627 melius
425 1569 618 1644 competere
647 1560 838 1625 videbatur.
894 1559 1050 1642 Cumque
1073 1561 1135 1624 ab·

164 1662 285 1726 bates
316 1661 368 1724 illi
396 1668 432 1725 et
456 1661 589 1744 priores
614 1659 659 1723 ad
691 1666 901 1742 praeceptnm
931 1659 1135 1742 aegrotantis

187 1763 335 1838 exirent,
360 1769 401 1826 ut
423 1760 562 1825 bladum
584 1758 650 1825 sibi
676 1761 831 1841 legatum
856 1759 1024 1838 viderent,
1052 1778 1134 1823 oon·

188 1867 379 1944 spexerunt
395 1859 502 1945 juxta
527 1859 704 1941 congeries
729 1859 808 1923 illas
831 1859 1002 1942 quendam
1026 1857 1136 1922 homi·

189 1981 267 2024 nem
287 1967 450 2037 stantem,
466 1959 609 2036 vicario,
623 1979 725 2041 quem
743 1958 780 2021 in
802 1959 903 2022 domo
925 1959 1136 2040 reliquerant

189 2059 363 2125 letbaliter
391 2065 631 2141 aegrotantem,
661 2059 698 2122 in
718 2057 931 2122 indumentis
962 2066 999 2122 et
1025 2057 1136 2122 forma

189 2159 344 2244 eorporis
363 2179 425 2243 per
439 2157 555 2223 omnia
574 2158 731 2235 similem,
754 2159 815 2239 qui
836 2159 902 2221 sibi
918 2157 1020 2220 nimis
1041 2177 1136 2221 acer-

189 2260 232 2324 be
261 2261 407 2343 loquens
426 2259 583 2335 dicebat,
608 2257 732 2336 ‘Quid
757 2257 838 2334 bie,'
865 2257 990 2340 inquit,
1013 2262 1136 2340 ‘quae-

191 2360 293 2424 ritisi
342 2359 468 2423 Sciatis
494 2357 683 2422 certissime
711 2358 802 2440 quod
830 2356 970 2421 bladum
995 2356 1061 2421 boc
1085 2363 1137 2420 to·

191 2467 277 2536 tum,
300 2465 338 2523 et
366 2458 436 2535 ille,
461 2457 561 2541 cujus
586 2476 663 2521 esse
681 2457 836 2534 ridetur,
862 2457 1035 2539 possessio
1061 2475 1138 2520 mea

191 2567 263 2638 est;
288 2558 372 2642 quia
386 2558 549 2634 vicarius,
567 2557 628 2639 qui
648 2556 735 2620 illud
750 2557 849 2622 vobis
868 2557 1012 2638 legavit,
1033 2557 1137 2620 homo

191 2679 287 2723 meus
312 2669 367 2722 est
390 2665 427 2721 et
443 2657 559 2721 omnia
580 2675 658 2739 quae
679 2656 786 2721 babet
805 2674 885 2721 mea
904 2662 999 2734 sunt,
1021 2657 1137 2738 utqui

187 2759 318 2843 junctis
341 2757 500 2822 manibus
522 2756 606 2819 mihi
636 2756 834 2837 homagium
862 2755 955 2820 fecit.
998 2756 1061 2819 Et
1074 2775 1137 2820 no-

194 2859 314 2922 veritis
330 2857 578 2933 indubitanter,
595 2855 688 2938 quod
709 2855 765 2918 die
787 2862 912 2937 quarto
934 2862 1137 2919 mortemo-

191 2958 311 3034 rietur,
328 2963 365 3020 et
381 2963 465 3020 tuno
481 2955 583 3037 plene
600 2956 811 3036 recuperabo
833 2953 926 3036 quod
943 2964 1058 3018 meum
1072 2962 1137 3031 est,

192 3063 348 3140 atquem
368 3055 511 3118 divitem
528 3055 688 3118 fecicum
709 3073 842 3136 pauper
864 3051 975 3117 esset!
1026 3051 1137 3117 Audi-

192 3163 290 3220 entes
310 3161 426 3218 antem
448 3154 516 3218 boo
540 3154 684 3218 abbates
706 3153 823 3234 etqui
848 3172 926 3216 oum
951 3153 1001 3216 eis
1026 3161 1135 3229 eraut,

192 3254 624 3337 nimio-terrorepereussi,
644 3253 774 3317 reversi
793 3259 875 3316 sunt
894 3252 939 3315 ad
958 3252 1138 3329 vicarium,

192 3375 294 3439 quem
326 3355 533 3418 invenerunt
555 3353 629 3438 jam
654 3352 691 3415 in
722 3352 885 3416 extremis
910 3351 1139 3429 laborantem,

192 3457 249 3520 oui
273 3454 390 3519 omnia
412 3473 491 3536 quae
515 3454 708 3517 audierant.
723 3460 758 3516 et
780 3451 939 3516 viderant
964 3469 1026 3533 per
1046 3450 1138 3513 ordi·

191 3574 270 3620 nem
296 3554 503 3618 referebant.
554 3553 601 3616 Et
617 3571 694 3615 cum
719 3551 794 3615 baec
817 3569 934 3614 coram
954 3550 1015 3614 illo
1037 3551 1140 3632 repli-

191 3660 341 3729 cassent,
357 3653 449 3736 qnod
465 3651 567 3715 bomo
581 3651 710 3714 diaboli
727 3658 831 3728 esset,
850 3649 1029 3732 respondit
1045 3650 1139 3714 vica·

192 3757 277 3831 rina,
304 3750 484 3828 ‘Verum'
512 3751 637 3833 inquit,
664 3750 783 3833 ‘dicit
808 3751 891 3833 quia
911 3749 986 3833 jam
1011 3750 1140 3832 elapsis

193 3853 319 3937 viginti
344 3853 458 3929 aunis,
479 3870 558 3914 oum
582 3868 726 3933 pauper:
739 3867 861 3927 essem,
884 3849 1140 3932 pro-dignitate

193 3962 332 4019 terrena
364 3958 400 4016 et
433 3951 530 4015 lucro
563 3951 744 4032 temporali
775 3949 974 4032 homagium
1002 3950 1140 4014 diabolo

191 4053 269 4132 ieci,
291 4050 352 4135 qui
369 4052 549 4116 vobiscum
567 4050 705 4114 locutus
724 4051 804 4114 est!
841 4050 895 4113 -Et
911 4051 1075 4114 continno
1095 4051 1139 4113 ad

193 4155 345 4218 lamenta
382 4148 596 4235 poenitentiae
631 4158 667 4215 et
696 4150 919 4214 confessionis
954 4149 1139 4216 remedium
