2864 4866
396 413 536 463 aconas
558 413 829 462 ursroaraauu.
1020 398 1082 461 101

134 591 215 654 rego
237 570 387 636 donatus
409 580 464 637 est
482 567 638 655 ¹cingulo
660 573 813 650 militari,
831 581 866 636 et
881 571 997 636 decem
1021 595 1082 638 no·
1095 592 1218 633 noua.

135 672 219 736 biles
246 692 326 737 cum
352 693 406 751 oo,
429 675 491 756 qui
519 674 564 737 ad
591 673 668 756 ejus
690 683 771 737 sunt
794 672 996 755 obsequium
1023 674 1082 739 de-

132 774 268 855 putati3
294 774 354 856 qui
379 781 502 856 postea
518 780 672 855 tempore
693 774 837 850 vernali,
858 792 881 836 a
898 793 979 855 rege
1002 794 1081 838 cum

134 867 328 938 Willclmo²
356 875 482 938 comite
516 873 760 937 Saresbiriensi
786 883 821 937 et
843 871 1007 956 Philippo
1038 875 1081 939 do

133 972 302 1039 Albaueio
327 974 561 1058 militibusque
588 973 819 1056 quadraginta
841 974 877 1037 in
897 974 1081 1039 Wasconi·

132 1093 187 1137 am
210 1074 266 1138 die
292 1073 491 1138 Palmarum
512 1075 650 1150 missua,
668 1073 754 1137 velis
776 1076 949 1156 prosperis
973 1075 1010 1138 in
1032 1077 1081 1139 ci-

133 1175 243 1238 vitate
266 1175 514 1258 Burdegalensi
536 1194 654 1238 omnes
675 1173 820 1238 feliciter
846 1174 1078 1257 appulerunt3

132 1293 278 1358 quorum
301 1276 472 1340 adventus
495 1295 572 1338 cum
604 1273 862 1357 archiepiscopo
889 1282 925 1338 et
947 1277 1080 1340 civibus

133 1376 333 1458 divulgatus
356 1375 492 1452 fuisset,
520 1375 705 1439 honorifice
737 1376 781 1438 ab
809 1375 968 1439 omnibus
996 1385 1080 1441 snut

128 1477 270 1559 recepti
322 1475 470 1554 Deinde,
487 1475 707 1558 congregatis
729 1475 862 1538 civibus
884 1494 1000 1539 coram
1022 1495 1078 1538 ar·

131 1576 349 1661 cbiepiscopo
378 1584 414 1641 et
438 1577 568 1641 nuntiis
597 1576 701 1656 regis,
733 1574 941 1651 Richardus,
970 1575 1079 1640 frater

130 1678 223 1760 regis
254 1677 423 1761 praedicti,
444 1677 564 1741 literas
595 1676 712 1739 fratris
743 1677 796 1738 sui
819 1675 1077 1759 archiepiscopo

130 1785 166 1841 et
189 1777 323 1842 civibus
349 1779 483 1842 cunctis
512 1777 680 1860 porrexit,
704 1776 741 1839 in
769 1776 894 1858 quihus
922 1795 984 1839 rex
1012 1776 1076 1840 hu·

131 1878 258 1943 militer
279 1878 499 1962 supplicavit,
522 1884 694 1960 quatenus
723 1895 842 1939 omnes
865 1875 1019 1939 homines
1041 1885 1077 1942 et

130 1977 248 2043 fideles
271 1979 326 2042 sui
348 1978 390 2043 de
411 1978 609 2060 regionibus
636 1976 706 2040 illis
728 1975 869 2039 fratrem
892 1975 968 2059 ejus
993 1977 1077 2039 ami-

130 2079 288 2143 cabiliter
308 2080 535 2162 susciperent,
560 2085 596 2142 et
617 2076 797 2141 consilium
824 2076 856 2139 ei
884 2075 1014 2157 pariter
1042 2084 1078 2140 et

127 2179 297 2243 auxilium
324 2185 544 2263 praestarent,
565 2177 690 2260 quibus
712 2184 823 2240 terras
854 2176 1001 2239 amissas
1023 2195 1077 2240 re·

129 2299 256 2345 vocare
268 2279 455 2359 valuisset3
479 2287 516 2344 at
527 2297 646 2342 omnes
661 2276 852 2360 gaudenter
867 2277 980 2359 ipsum
999 2297 1076 2341 sus·

130 2380 296 2463 cipieutes
316 2381 392 2462 regi
413 2401 476 2463 per
492 2380 590 2444 illum
604 2376 744 2460 Angliae
762 2377 1011 2461 subjectionem
1029 2378 1078 2443 fe-

128 2488 262 2546 ceruut.
306 2481 488 2545 Venerunt
503 2481 611 2563 igitur
632 2479 677 2542 ad
695 2498 773 2543 eum
792 2478 892 2542 multi
909 2477 952 2542 de
969 2480 1077 2561 parti-

129 2580 281 2646 basillis
299 2581 426 2645 milites
443 2589 479 2645 et
495 2581 695 2657 servientes,
711 2578 927 2662 quibuscum
949 2579 1077 2662 stipen-

127 2682 187 2746 dia
207 2680 415 2747 sufficienter
433 2681 676 2758 ministrasset,
693 2680 729 2742 in
746 2679 822 2763 ejus
842 2679 1008 2761 obsequio
1026 2701 1076 2744 re-

128 2789 353 2862 manserunt3
383 2781 526 2846 dederat
548 2781 580 2845 ei
611 2799 758 2862 namque
790 2799 866 2856 rex,
890 2786 1076 2862 autequam

128 2883 226 2946 illum
248 2884 388 2947 miserat
406 2883 450 2946 ad
474 2890 591 2965 partes
609 2880 870 2957 transmarinas,
891 2877 1075 2945 Gornubiae

128 2983 330 3047 comitatum
353 3002 432 3046 cum
451 2990 525 3047 tota
548 2981 721 3056 Pictavia,
744 2979 834 3043 unde
857 2980 900 3042 ab
917 2981 1075 3044 omnibus

127 3102 242 3147 comes
272 3083 502 3147 Pictaviensis
532 3082 733 3146 vocabatur.
801 3079 926 3160 Itaque
960 3098 1074 3143 comes

124 3181 335 3260 Richardus‚
361 3203 439 3247 cum
470 3181 643 3247 avunculo
670 3200 733 3244 suo
751 3177 928 3244 Willelmo
949 3180 1075 3243 comite

127 3283 370 3348 Saresbiriensi
392 3291 427 3348 et
448 3282 612 3365 Philippo
637 3281 680 3345 de
701 3279 872 3344 Alheueio
894 3285 930 3342 et
949 3277 1075 3344 militia

127 3385 279 3466 copiosa,
306 3384 474 3468 processit
496 3403 558 3466 per
578 3380 681 3446 villas
704 3387 739 3444 et
761 3378 905 3443 castella
927 3377 1074 3443 Wasco·

126 3483 193 3547 niae
214 3485 378 3566 regionis,
399 3493 435 3549 et
451 3501 687 3567 quoscumque
711 3479 993 3556 contradictoreS,
1013 3481 1074 3562 qui

126 3583 323 3666 homagium
350 3577 440 3667 ³regi
460 3591 496 3648 et
512 3582 713 3646 fidelitatem
739 3577 852 3645 facere
877 3575 1073 3657 noluerunt,

125 3685 271 3763 invonit,
288 3685 432 3749 castella
447 3703 566 3749 eorum
583 3689 619 3745 et
635 3681 735 3745 villas
754 3678 888 3744 obsedit
904 3686 939 3742 et
955 3687 1074 3761 poten-

161 3860 287 3926 ¹Ciagulo
313 3862 455 3925 militana]
491 3861 584 3912 Chron.
610 3859 676 3908 their
696 3857 792 3916 behalf,
817 3870 859 3906 see
882 3857 986 3917 Rymer,
1007 3855 1027 3904 i.
1045 3869 1073 3916 p.

125 3934 327 3997 Dunat.p.153.
611 3933 679 3989 1⁷⁷3
707 3941 823 3988 compara
845 3926 888 3974 the
918 3929 1027 3974 account
1048 3924 1078 3972 os

610 4000 660 4049 this
677 3998 823 4060 expedition
840 3997 875 4057 by
885 3995 928 4044 the
944 3995 1031 4044 writer
1046 3993 1076 4044 ol

161 4068 303 4121 'Willelmo
313 4069 399 4120 comite
410 4067 586 4119 Saresbiriensi
609 4069 652 4119 the
671 4069 769 4119 ‘Gesta
787 4061 928 4127 Ludovici,’
946 4067 1009 4116 Rec.
1027 4064 1073 4113 des

102 4140 106 4145 ’
124 4147 149 4192 ct
161 4141 277 4206 Philippo
288 4143 317 4190 de
328 4140 465 4202 Albeceia]
483 4140 533 4188 For
543 4139 586 4189 the
611 4141 682 4190 Hirr.
693 4139 755 4188 xvii.
767 4154 795 4199 p.
805 4141 861 4187 307.

124 4207 208 4274 king’s
219 4213 306 4262 letters
316 4211 586 4272 recommendatoryon
645 4208 754 4272 ³Regi,]
771 4209 884 4270 wanting
896 4206 923 4255 in
936 4207 967 4255 G.
