2864 4866
388 410 526 459 ruorms
551 409 820 461 nrsronmnuu.
1016 396 1081 461 271

131 573 273 650 propter
301 569 491 635 absentiam
524 570 659 634 comitis
694 570 893 634 Marescalli
923 577 959 634 et
985 570 1081 635 Gile-
1096 556 1218 632 aaran.

130 669 219 733 berti
248 669 374 734 Basset
407 678 442 734 et
472 670 689 752 quorundam
720 670 865 734 aliorum
891 671 1082 735 absentiam

131 776 355 851 magnatum3
390 770 481 835 unde
515 790 591 846 rex,
624 791 687 855 per
720 771 899 834 consilium
928 771 1082 854 episcopi

132 868 383 934 Wintoniensis
408 877 443 934 et
467 869 634 951 Stephani
661 871 703 934 de
727 871 893 952 Segrave,
922 871 1003 935 fecit
1030 871 1084 935 in-

132 969 243 1033 vitare
267 990 330 1052 per
348 969 466 1034 literas
483 988 606 1058 omnes·
619 970 663 1033 de
682 989 790 1052 reguo
813 978 1004 1053 magnates,
1024 972 1083 1053 qui

132 1069 199 1134 sibi
226 1069 271 1132 ad
299 1070 447 1134 militare
474 1069 653 1134 servitium
681 1072 899 1146 tenebantur,
926 1078 965 1134 ut
988 1070 1084 1134 veni-

133 1176 211 1233 rent
236 1169 329 1252 apud
354 1169 578 1233 Gloverniam
601 1173 686 1233 cum'
702 1169 799 1251 equis
827 1179 862 1234 et
890 1170 994 1233 armis
1027 1169 1084 1233 die

135 1269 319 1332 Dominica
336 1276 416 1333 ante
433 1268 702 1352 assumptionem
721 1271 831 1333 beatae
849 1268 984 1334 Mariae.
1016 1269 1084 1333 Sed

135 1368 332 1459 llichardus
356 1369 584 1432 Marescallus
607 1376 643 1433 et
662 1368 721 1432 alii
735 1369 846 1447 multi,
869 1370 929 1452 qui
946 1369 1084 1433 fuerant

133 1467 371 1545 confoederati,
393 1487 471 1532 cum
487 1470 605 1533 venire
622 1469 814 1533 noluissent
836 1467 879 1532 ad
903 1468 992 1532 diem
1015 1478 1084 1533 sta-

135 1576 262 1645 tutum,
284 1568 366 1632 fecit
388 1588 464 1646 rex,
488 1587 529 1631 ac
553 1569 584 1631 si
610 1568 804 1650 proditores
831 1576 958 1645 essent,
984 1569 1086 1633 villas

134 1688 252 1734 eorum
278 1667 500 1745 concremari,
524 1686 648 1750 parcos
674 1675 710 1732 et
727 1669 861 1734 vivaria
884 1688 1002 1732 eorum
1026 1668 1085 1732 de·

134 1775 280 1845 struere,
296 1767 441 1832 castella
456 1768 633 1832 obsidione
645 1768 787 1833 vallare.
840 1768 951 1832 Erant
970 1775 1086 1831 autem

137 1862 210 1932 viri¹
227 1867 373 1944 nobileS,
396 1869 456 1950 qui
481 1867 707 1932 confoederati
732 1869 947 1944 dicebantur,
971 1887 1086 1932 comes

135 1967 267 2032 scilicet
285 1967 526 2044 Marescallus,
543 1966 740 2033 Gilebertus
762 1968 889 2031 Basset
910 1974 946 2030 et
960 1967 1085 2032 fratres

136 2068 225 2152 ejus,
236 2067 302 2133 viri
319 2067 504 2132 bellatores
522 2074 558 2131 et
574 2067 716 2144 nobiles,
734 2067 930 2131 Richardus
948 2067 1085 2146 Siuard,

136 2169 192 2233 vir
209 2169 354 2232 martius
377 2169 421 2231 ab
443 2166 878 2245 adolescentia,Walterus
900 2167 943 2231 de
960 2166 1085 2232 Clifor·

137 2267 203 2346 die,
226 2268 324 2332 miles
349 2269 490 2346 electus,
520 2287 598 2331 cnm
619 2267 696 2330 aliis
720 2266 849 2343 multis,
871 2267 931 2348 qui
950 2267 999 2330 eis
1024 2267 1085 2331 ad·

136 2367 330 2448 haerebant3
354 2387 442 2450 quos
461 2386 580 2432 omnes
599 2386 661 2430 rex
683 2367 813 2448 absque
829 2365 962 2451 judicio
980 2367 1085 2430 curiae

138 2487 209 2532 suae
232 2475 268 2532 et
284 2467 418 2550 parium
438 2488 578 2532 suorum
598 2466 719 2531 exules
739 2474 774 2531 et
794 2466 1006 2549 proscriptos
1026 2466 1085 2530 de-

139 2568 292 2632 nuntiari
312 2567 404 2644 iecit,
425 2574 535 2631 terras
557 2586 675 2630 eornm
693 2565 958 2631 Pictavensibus
980 2565 1086 2642 dedit,

138 2667 372 2751 praecepitque
395 2674 434 2731 ut
457 2686 575 2731 eorum
597 2686 744 2749 corpora
767 2674 983 2750 caperentur,
1010 2666 1086 2729 ubi·

139 2786 286 2850 cumque
302 2766 537 2831 invenirentur
553 2767 590 2830 in
607 2786 726 2848 regno.

135 2913 137 2917 Ι
171 2939 260 3021 Quod
279 2938 497 3004 Wiutooiansis
512 2939 668 3024 qoiscopus
681 2939 826 3024 quosdam
841 2938 1059 3025 confoederatos

371 3038 489 3103 comitis
502 3039 688 3103 Morascolli
704 3039 853 3123 corrupit.

184 3163 284 3227 Tunc
298 3163 437 3241 PetruS,
446 3162 699 3229 Wintoniensis
716 3164 911 3246 episcopus,
926 3162 987 3244 qui
999 3161 1088 3226 vires
1101 3187 1206 3227 mewa
1215 3187 1239 3226 οι

140 3263 276 3328 comitis
292 3263 492 3327 Marescalli
509 3273 544 3327 et
554 3263 865 3329 coufoederatorum
882 3282 1022 3325 suornm
1038 3260 1089 3324 in·
1101 3240 1189 3328 {llll
1197 3239 1240 3327 325¹

141 3362 276 3428 firmare
301 3363 412 3428 modis
437 3364 593 3427 omnibus
617 3365 819 3440 conabatur,
842 3362 984 3426 comites
1008 3360 1088 3424 Ces·
1101 3338 1202 3428 illidi.

142 3462 218 3526 triae
241 3471 278 3528 et
303 3463 504 3541 Lincoluiae,
527 3463 618 3527 datis
644 3463 737 3526 mille
764 3462 901 3537 marcis,
924 3462 1089 3544 corrupit,

142 3570 193 3641 ut,
219 3563 340 3629 relicto
369 3563 577 3628 Marescallo
600 3570 635 3627 et
656 3581 761 3627 cansa
779 3561 941 3646 justitiae,
967 3561 1012 3624 ad
1036 3582 1090 3624 re-

140 3683 219 3745 gem
241 3683 301 3728 eos
325 3670 427 3728 retro
442 3663 664 3746 respicientes
684 3669 898 3745 retorqueret
914 3668 949 3725 et
971 3669 1088 3744 partes

142 3763 218 3847 ejus
235 3763 394 3827 soverent
407 3783 429 3844 ;.
444 3783 525 3827 nam
548 3762 754 3840 Richardus,
774 3763 882 3828 frater
903 3763 1008 3843 regis,
1030 3760 1089 3824 diu

142 3871 223 3928 ante
252 3863 296 3926 ad
326 3882 443 3945 regem
458 3913 460 3918 .
478 3881 635 3927 reversus
668 3870 754 3941 erat,
785 3864 846 3945 qni
880 3860 1089 3926 Marescallo

141 3964 237 4046 prius
266 3963 476 4028 adhaerebat.
538 3961 627 4027 Haec
652 3982 730 4026 cum
755 3962 983 4026 Marescallus
1010 3981 1091 4041 cog-

142 4064 311 4139 novisset,
330 4063 586 4128 confoederatns
597 4070 652 4127 est
660 4063 816 4139 Loelino,
834 4062 980 4145 principi
997 4060 1091 4124 Nor·

144 4165 281 4242 walliae,
299 4170 335 4229 et
357 4164 434 4228 aliis
462 4163 661 4247 potentibus
686 4162 837 4246 regionis
858 4161 964 4239 illius,
985 4161 1091 4225 inter-
