2864 4866
342 379 407 445 144
600 396 734 444 nocnnr
759 397 805 443 nn
829 394 1036 445 wnunovnn

180 571 236 611 eo·
247 570 303 610 122⁷.
342 554 539 635 furibundo,
557 561 592 619 et
609 554 708 620 favor
730 556 956 636 exstinguens
979 552 1201 637 palpabitur3
1231 572 1293 615 no·
1342 569 1346 575 ·

342 675 407 719 vus
430 675 516 736 grex
542 663 658 738 serpet
679 655 721 720 ad
747 655 930 733 tumulum,
952 655 1064 737 etqui
1083 653 1295 730 mundantur

341 756 378 819 in
398 775 536 819 nemore
558 756 655 819 tenui
681 756 758 820 cibo
785 756 1015 834 cibabuntur3
1044 754 1211 818 frustrata
1242 761 1296 818 est

342 875 422 938 spes
432 857 645 939 sperantium
661 863 697 919 et
711 855 847 938 requies
862 855 1127 931 consolantium,
1143 855 1178 918 in
1189 873 1294 937 quam

341 957 528 1038 sperabant
550 956 741 1034 fiduciam3
774 957 833 1038 qui
866 955 1082 1019 intenebris
1113 953 1294 1019 ambulant

342 1055 385 1120 ad
403 1056 517 1120 lumen
540 1056 713 1132 redibunt,
736 1063 771 1119 et
788 1075 867 1139 quae
888 1056 1026 1121 diversa
1048 1061 1147 1120 erant
1169 1075 1231 1136 per
1247 1055 1295 1117 di-

342 1175 444 1220 versa
468 1157 764 1232 consolabuntur;
792 1176 859 1220 non
889 1157 1024 1220 modica
1050 1155 1192 1238 incipiet
1215 1154 1292 1237 plu·

343 1277 399 1320 ere
412 1258 533 1334 nubes,
547 1257 629 1340 qnia
647 1264 751 1320 natus
766 1263 820 1320 est
831 1257 1033 1320 immutator
1047 1255 1186 1334 saeculi;
1210 1274 1293 1318 con·

342 1364 462 1439 surget
479 1357 579 1421 favor
594 1364 714 1421 contra
737 1356 939 1440 simplicem,
962 1363 997 1420 et
1014 1356 1216 1438 simplicitas
1240 1363 1293 1419 at·

343 1464 486 1521 tenuata
514 1456 680 1540 spirabit3
709 1457 814 1520 decus
837 1457 872 1520 in
895 1458 1042 1521 dedecus
1065 1456 1291 1520 commutabi-

343 1564 412 1634 tur,
440 1564 475 1622 et
498 1558 662 1639 gaudium
687 1557 873 1622 multorum
900 1559 938 1621 in
968 1557 1121 1622 luctum’
1175 1556 1294 1638 Hujus

343 1664 459 1724 autem
489 1657 679 1740 prophetiae
712 1659 1031 1741 interpretationem
1059 1676 1208 1739 sequens
1241 1677 1294 1720 re-

342 1777 418 1821 rum
440 1765 586 1824 eventus
609 1757 686 1822 luce
713 1759 840 1823 clarius
864 1758 1066 1835 declarabit,
1089 1758 1121 1823 si
1145 1757 1293 1824 sollicite

342 1858 560 1941 indagentur.

366 2033 520 2108 Quomodo
533 2031 587 2099 loc
602 2035 833 2121 tomporcfocto
847 2044 890 2099 cst
905 2035 996 2102 motio
1012 2055 1126 2121 mopso
1144 2035 1179 2099 io
1195 2056 1268 2119 opos

764 2156 875 2201 orthem.

181 2269 331 2361 gerrem&
393 2260 525 2325 Eodem
552 2279 656 2338 anno,
682 2260 718 2323 in
744 2241 812 2324 fine
836 2260 964 2324 mensis
988 2260 1099 2337 Junii,
1122 2260 1216 2324 facta
1241 2268 1295 2325 est

342 2360 450 2424 motio
465 2361 618 2425 maxima
634 2361 670 2424 in
693 2379 781 2442 opus
804 2361 915 2424 crucis
934 2360 1003 2442 per'
1020 2361 1137 2424 orbem
1154 2361 1294 2425 univer-

342 2478 418 2522 sum
430 2461 769 2541 crucesignatorum,
781 2479 860 2542 quae
873 2460 960 2524 adeo
969 2458 1035 2524 fnit
1047 2480 1241 2538 numerosa,
1254 2470 1293 2526 ut

342 2579 387 2623 ex
410 2558 485 2623 solo
505 2557 699 2641 Anglorunr
723 2579 830 2641 regno
852 2560 1036 2642 plusquam
1060 2561 1292 2642 qnadraginta

342 2658 451 2723 millia
464 2660 649 2741 proborum
667 2660 854 2735 hominum,
869 2667 997 2742 praeter
1019 2679 1119 2724 senes
1141 2667 1177 2725 et
1192 2663 1292 2724 muli·

342 2779 429 2836 eres,
441 2759 585 2843 profecti
601 2759 804 2824 referantur.
843 2759 924 2824 Hoc
940 2761 1030 2823 enim
1045 2761 1223 2825 confessus
1238 2771 1292 2826 est

342 2860 509 2941 magister
538 2859 731 2938 Hubertus,
754 2879 844 2924 unus
870 2881 915 2925 ex
944 2860 1228 2942 praedicatoribus
1256 2863 1292 2926 in

342 2957 485 3041 Anglia,
507 2979 664 3025 asserens
681 2961 849 3026 veraciter
872 2968 925 3026 tot
942 2962 978 3025 in
993 2980 1057 3025 suo
1075 2961 1190 3026 rotulo
1211 2982 1293 3027 con-

341 3060 544 3143 scripsisse.⁴
586 3060 658 3139 Qui
676 3081 807 3138 omnes,
820 3068 856 3124 et
870 3062 1045 3144 praecipue
1059 3081 1241 3144 pauperes,
1256 3065 1291 3126 in

341 3160 466 3243 quibus
481 3161 599 3226 divina
612 3161 773 3226 voluntas
791 3161 966 3243 quiescere
980 3161 1080 3238 solet,
1097 3182 1175 3225 cum
1192 3170 1291 3229 tanta

341 3261 525 3325 devotione
541 3280 628 3343 opus
648 3261 759 3325 crucis
782 3269 1055 3344 assumpserunt,
1074 3268 1113 3325 ut
1130 3263 1194 3326 sibi
1210 3264 1290 3328 iude

340 3362 461 3444 procul
479 3361 583 3425 dubio
605 3362 821 3444 acquirerent
838 3360 991 3426 favorem
1011 3363 1177 3440 tonantis,
1196 3365 1289 3447 quod

340 3461 451 3542 signis
469 3467 607 3527 constat
625 3462 842 3527 evidentibus
857 3462 1068 3526 declaratum
1084 3483 1093 3542 ;
1122 3463 1290 3546 siquidem

340 3563 376 3625 in
415 3569 516 3626 nocte
555 3561 749 3626 nativitatis
786 3562 880 3626 beati
915 3561 937 3626 J
941 3563 1085 3626 ohannis
1119 3563 1290 3647 Baptistae

340 3660 492 3726 ostendit
514 3681 551 3725 se
579 3661 749 3726 Dominus
773 3662 809 3727 in
832 3662 1047 3728 firmamento
1074 3664 1291 3744 crucifixum,

341 3760 433 3845 quod
448 3762 628 3844 perspicue
645 3762 806 3844 apperuit
821 3763 857 3827 in
872 3782 973 3827 eruce
991 3763 1202 3829 lucidissima
1216 3785 1292 3830 cor-

340 3881 406 3942 pus
422 3861 643 3926 Dominicum
665 3863 774 3927 clavis
796 3870 831 3927 et
845 3863 967 3928 lancea
980 3864 1191 3946 perforatum
1207 3887 1288 3931 nec-

340 3981 409 4025 non
431 3981 552 4026 cruore
573 3982 780 4047 respersum,
802 3970 842 4028 ut
861 3962 1020 4029 fidelibus
1040 3965 1112 4028 suis
1129 3974 1290 4048 patenter

340 4062 538 4127 ostenderet
568 4063 732 4129 Salvator
760 4063 879 4128 mundi
912 4084 957 4129 ex
986 4064 1053 4129 hac
1082 4066 1289 4148 populorum

339 4161 522 4228 devotione
535 4183 573 4231 se
589 4164 694 4230 luisse
712 4165 900 4248 placatum.
952 4164 1057 4231 Hanc
1080 4186 1219 4251 quoque
1239 4169 1288 4236 vi-
