2864 4866
447 416 588 465 rnosns
610 417 882 467 nrsrosmsuu.
1065 401 1133 466 249

186 578 422 656 tuamensem,
455 577 515 660 qui
538 594 663 657 aroge
691 581 872 657 susceptus
904 592 983 635 cum
1015 591 1133 636 mona·
1147 589 1274 637 annau,

186 677 261 740 chis
281 678 485 760 quibusdam
502 674 812 740 cantuariensibus
835 672 984 736 Romam
1000 673 1134 755 profec-

157 816 161 821 -
187 784 245 840 tus
272 785 337 855 est,
370 785 410 841 ut
429 777 630 841 electionem
660 794 760 838 suam
788 773 985 838 confirmari
1010 792 1032 837 a
1054 773 1136 837 sede

187 877 380 959 apostolica
400 878 610 959 impetraret.

201 1053 251 1115 De
267 1052 504 1138 quadrapesimc
520 1051 744 1137 repercussam,
761 1060 789 1115 et
803 1049 947 1136 qeoerodo
963 1047 1120 1114 Habertas

385 1152 422 1216 de
438 1152 576 1238 [Borpo]
592 1151 637 1215 ad
649 1151 934 1238 Mertoecmfepit.

250 1274 497 1341 Convenerunt
522 1282 728 1359 tempestate
759 1276 878 1340 eadem
907 1275 1000 1359 apud
1031 1276 1135 1341 Lam·
1148 1298 1265 1339 saxon

188 1376 300 1439 heiam
316 1377 361 1440 ad
378 1377 597 1460 colloquium,
616 1378 653 1439 in
670 1376 883 1440 exaltatione
897 1384 1028 1441 sauctae
1047 1376 1135 1441 Cru-
1146 1349 1297 1441 bilbilim

188 1477 250 1555 cis,
266 1496 382 1542 coram
401 1498 493 1560 rege,
511 1477 664 1561 episcopi
678 1477 787 1540 etalii
808 1477 1031 1540 ecclesiarum
1046 1497 1136 1561 prae-
1146 1452 1242 1502 ‘md'

187 1577 251 1641 lati
273 1597 350 1641 cum
373 1578 571 1660 proceribus
593 1577 704 1658 regni,
727 1577 786 1640 ubi
808 1596 971 1641 concessa
993 1585 1047 1642 est
1061 1580 1134 1661 regi

188 1696 250 1761 pro
279 1678 416 1756 debitis,
439 1680 562 1761 quibus
592 1677 710 1742 comiti
741 1677 931 1741 Britanniae
954 1679 1135 1743 tenebatur

187 1778 362 1857 astrictae,
375 1779 641 1863 quadragesima
656 1796 738 1859 pars
761 1796 874 1841 rernm
896 1778 1071 1841 mobilium
1089 1781 1133 1843 ab

143 1877 146 1885 '
188 1879 372 1961 episcopis,
392 1878 586 1956 abbatibus,
609 1878 792 1960 prioribus,
815 1877 948 1942 clericis
972 1885 1007 1942 et
1023 1877 1133 1959 laiciS,

188 1979 278 2042 sicut
293 1998 335 2043 ea
357 1979 563 2058 habuerunt,
582 1978 740 2060 frugibus
759 1979 991 2060 congregatis,
1014 1979 1050 2041 in
1074 1999 1133 2042 au-

187 2085 320 2158 tumno,
343 2099 435 2144 anno
460 2080 559 2162 regni
582 2079 736 2164 ejusdem
755 2079 847 2160 regis
868 2078 1000 2141 decimo
1019 2086 1132 2145 sexto.

190 2178 369 2244 Hubertus
395 2200 532 2263 quoque
554 2180 597 2244 de
620 2180 751 2260 Burgo‚
776 2180 832 2242 cui
855 2179 956 2244 datus
981 2178 1096 2243 fuerat
1111 2200 1285 2245 anunente

186 2298 267 2361 rege
290 2281 455 2344 terminus
479 2280 537 2343 ille
558 2281 602 2343 ad
628 2278 902 2360 respondendum
923 2299 1029 2364 super
1050 2253 1260 2353 arri-ilfi&

187 2380 273 2442 culis
298 2387 334 2444 et
356 2381 595 2445 exactionibus
619 2379 840 2462 supradictis
862 2379 949 2443 iram
972 2381 1063 2462 regis
1082 2382 1132 2444 ni-

187 2481 251 2543 mis
284 2480 413 2545 babens
446 2487 643 2564 suspectam
676 2499 745 2543 non
776 2498 882 2544 ausus
912 2487 966 2544 est
992 2500 1131 2564 compa·

187 2600 273 2659 rere,
301 2589 504 2663 suggestum
533 2581 623 2644 enim
654 2581 686 2644 ei
712 2581 835 2658 fuerat,
860 2580 951 2663 quod
981 2600 1043 2645 rex
1070 2581 1131 2645 ha·

186 2681 261 2746 buit
282 2682 461 2746 consilium
488 2681 584 2745 illum
611 2687 722 2744 morte
745 2681 944 2764 turpissima
970 2683 1130 2746 condem-

184 2800 294 2861 nare3
317 2782 407 2846 unde
428 2783 472 2847 ad
497 2801 616 2866 pacem
639 2780 792 2846 ecclesiae
813 2782 1014 2863 confugiens
1039 2783 1131 2866 apud

187 2881 397 2946 Meritonam
423 2883 514 2947 inter
540 2882 724 2947 canonicos
752 2882 900 2960 delituit,
924 2883 1036 2969 'donec
1065 2883 1132 2948 sibi

186 3001 273 3046 aura
300 2982 432 3046 felicior
463 2983 640 3048 arrideret.
697 2981 766 3046 Sed
792 2983 929 3046 tandem
962 3002 1041 3046 cum
1068 3003 1131 3048 rex

185 3081 218 3146 ei
242 3082 483 3164 significasset,
508 3090 548 3147 ut
567 3083 698 3147 veniret
719 3083 763 3146 ad
788 3084 918 3146 curiam
942 3102 1041 3147 suam
1058 3082 1131 3166 juri

185 3184 375 3266 pariturus,
397 3183 571 3248 nuntiavit
587 3183 673 3264 regi,
691 3183 783 3265 quod
797 3183 884 3246 iram
903 3183 978 3267 ejus
1000 3183 1130 3248 habens

186 3290 382 3366 suspectam
412 3284 456 3347 ad
485 3283 665 3348 ecclesiam
696 3283 910 3364 confugerat,
943 3302 1021 3367 quae
1049 3284 1130 3348 ulti-

186 3404 279 3447 mum
309 3384 496 3448 remedium
525 3389 579 3446 est
601 3383 758 3446 omnibus
784 3382 946 3466 injuriam
971 3383 1132 3467 patieuti-

186 3485 262 3561 buS,
289 3491 324 3548 et
345 3485 438 3566 qnod
460 3484 539 3547 inde
563 3501 634 3546 non
657 3483 780 3560 exiret,
805 3482 914 3547 donec
936 3483 1028 3548 illius
1056 3483 1131 3548 ani·

183 3604 278 3648 mum
300 3585 337 3648 in
359 3584 481 3649 melius
503 3591 727 3665 cognosceret
748 3584 980 3649 immutatum.
1032 3584 1131 3649 Tunc

185 3705 248 3749 rex
275 3686 310 3748 in
339 3686 426 3748 iram
446 3703 567 3749 versus
594 3683 803 3765 significavit
831 3703 893 3768 per
918 3684 1037 3748 literas
1061 3705 1132 3750 ma-

180 3784 251 3869 jori
280 3785 550 3861 Londoniarum,
573 3782 648 3867 jam
675 3783 762 3847 bora
790 3785 942 3848 instante
964 3787 1131 3869 vesperti-

185 3904 243 3963 na,
265 3892 437 3968 quatenus
460 3885 578 3949 statim
601 3883 685 3948 visis
707 3883 830 3962 literiS,
851 3885 1045 3968 conjunctis
1066 3887 1132 3950 sibi

186 3985 355 4052 universis
389 3985 521 4050 civibus
549 3984 656 4062 urbis,
680 3983 739 4066 qui
766 4004 862 4048 arma
885 4004 1023 4050 movere
1051 4006 1131 4068 pos·

185 4093 275 4162 sent,
297 4087 363 4149 iret
382 4086 426 4148 ad
448 4086 657 4150 Meritonam
677 4084 859 4161 hostiliter,
882 4093 917 4149 et
936 4084 1131 4149 Hubertum

186 4185 228 4249 de
246 4186 367 4268 Burgo
386 4187 503 4250 vivum
529 4186 595 4249 sibi
620 4205 681 4249 seu
700 4193 869 4249 mortuum
894 4192 1132 4268 praesentaret.
