2864 4866
457 399 595 449 ruonus
618 401 887 450 ursrouranuu
1079 383 1144 447 199

191 554 371 620 manifeste
385 556 577 635 videbatur,
599 559 691 642 quod
712 560 824 640 magis
845 559 1064 641 approbaret,
1087 578 1141 622 se·
1155 568 1278 667 ghgbffi

192 655 341 718 cundum
363 658 454 740 quod
474 659 640 742 perpendi
660 667 798 742 poterat
819 680 881 741 per
901 666 1021 741 gestus
1043 666 1140 723 exte·
1154 670 1240 717 charae·

192 755 312 833 rioreS,
327 757 439 837 legem
453 757 713 836 Saracenorum,
725 777 829 842 qnam
845 759 957 841 legem
968 757 1048 821 fidei
1061 777 1141 822 nos·
1153 717 1280 819 mppria

193 861 267 930 trae,
291 857 374 938 quia
400 857 437 920 in
464 858 582 945 multis
606 859 693 922 ritus
719 859 870 940 ipsorum
894 858 1059 943 imitatus!
1074 866 1139 922 est.

194 948 298 1032 Item,
321 955 357 1018 in
383 946 513 1038 scripto
534 958 627 1039 quod
650 965 704 1021 est
720 959 811 1022 inter
832 959 945 1039 ipsum
967 965 1002 1021 et
1018 956 1139 1020 Solda-

192 1074 286 1130 num,
302 1055 394 1136 quod
416 1057 537 1137 lingua
556 1057 752 1140 appellatur
766 1056 920 1121 Arabica
932 1063 942 1091 ‘
952 1055 1140 1138 mosepha,‘

192 1154 399 1232 continetur,
424 1156 534 1237 quod„
552 1157 755 1221 durantibus
778 1157 922 1238 treugis,
944 1156 1018 1238 ipse
1035 1155 1140 1239 juva-

193 1252 244 1317 bit
260 1261 476 1321 cumcontra
492 1275 611 1321 omnes
627 1256 783 1321 homines
798 1256 1014 1321 Christianos
1028 1263 1064 1320 et
1077 1255 1141 1320 Sa·

193 1371 359 1430 racenos,
375 1362 449 1419 ete
472 1374 638 1421 converso
665 1355 836 1421 Soldanus
859 1357 984 1441 ipsum.
1038 1354 1142 1433 Item,

194 1454 359 1536 spoliavit
388 1455 574 1520 canonicos
604 1463 734 1521 sanctae
764 1457 875 1521 crucis
902 1457 939 1520 in
963 1453 1088 1521 Achon
1119 1475 1142 1521 a

193 1553 398 1635 quibusdam
415 1554 623 1633 redditibus.
636 1575 723 1639 quos
745 1557 896 1639 recipere
918 1556 1090 1620 debebant
1104 1554 1141 1618 in

193 1661 296 1736 portu
323 1652 534 1720 Achoneusi.
592 1655 694 1733 Item,
724 1656 888 1737 spoliavit
915 1655 1140 1736 archiepisco·

193 1773 274 1836 pum
302 1753 583 1819 Nichossiensem
608 1755 645 1818 in
672 1754 802 1837 Cypro,
854 1754 956 1831 Item,
988 1755 1142 1837 protexit

194 1851 364 1935 quendam
391 1855 589 1937 episcopum
612 1855 839 1919 Surianorum
864 1855 1022 1937 potentia
1043 1872 1141 1917 secu·

193 1952 269 2030 lari,
299 1960 421 2017 contra
444 1954 689 2037 patriarcham,
717 1956 760 2018 ab
785 1954 1081 2022 excommunicato
1107 1961 1143 2017 et

194 2053 414 2117 schismatico
437 2053 646 2119 ordinatum.
698 2054 802 2131 Item,
819 2054 984 2136 spoliavit
1000 2053 1142 2117 canoni·

196 2172 256 2217 cos
287 2154 400 2218 sancti
431 2154 605 2236 sepulchri
632 2154 863 2219 oblationibus
891 2154 1001 2236 ipsius
1026 2152 1143 2235 sepul·

195 2252 281 2331 chri,
296 2260 331 2317 et
348 2254 578 2336 patriarcham
591 2254 822 2319 oblationibus
835 2253 1006 2318 Calvariae
1024 2252 1092 2315 loci
1108 2259 1144 2316 et

196 2353 263 2417 loci
281 2351 471 2434 Golgatha,
487 2362 522 2419 et
536 2355 720 2418 canonicos
735 2354 846 2419 sancti
863 2353 983 2435 templi
998 2352 1145 2417 oblatio-

201 2455 301 2517 nibus
320 2453 405 2530 suis‚
429 2461 466 2518 et
479 2473 539 2537 per
554 2473 677 2518 manus
697 2454 884 2518 satellitum
907 2472 1047 2517 suorum
1063 2450 1146 2516 fecit

197 2573 316 2617 omnes
344 2554 536 2619 oblationes
562 2555 649 2618 istas
679 2553 853 2635 colligere,
883 2560 1024 2636 propter
1051 2550 1143 2633 quod

197 2652 326 2716 factum
349 2652 457 2717 frater
471 2653 649 2720 Walterus
672 2653 984 2719 excommunicavit
1007 2651 1145 2716 eumin

196 2753 338 2824 civitate
348 2752 669 2837 Hierosolymorum
684 2761 720 2818 et
733 2773 851 2818 omnes
866 2752 1034 2817 satellites
1051 2770 1144 2814 suos.

199 2852 302 2930 Item,
318 2854 354 2916 in
372 2854 428 2917 die
444 2853 643 2918 Palmarum
666 2853 911 2936 praedicatores
933 2852 975 2915 de
998 2851 1146 2933 pulpito,

198 2954 258 3016 ubi
280 2953 528 3036 praedicabant,
554 2954 670 3019 viliter
691 2961 727 3017 et
748 2953 917 3016 violenter
938 2951 1020 3015 fecit
1045 2949 1144 3033 dejici

182 3060 234 3117 et
250 3053 434 3117 crudeliter
451 3053 593 3118 tractari
615 3061 651 3117 et
666 3052 892 3117 incarcerari,
937 3051 1039 3126 ltem,
1058 3049 1148 3112 infra

199 3154 395 3236 passionem
412 3153 554 3217 Domini
570 3152 705 3217 obsedit
724 3150 956 3235 patriarcham
970 3157 1005 3214 et
1015 3149 1148 3231 episco-

200 3272 263 3336 pos
279 3250 556 3318 Wintoniensem
576 3259 612 3316 et
629 3252 859 3315 Exoniensem
882 3258 918 3315 et
933 3248 1149 3331 Templarios

201 3355 237 3417 in
254 3353 410 3417 domibus
428 3353 512 3430 suis,
533 3360 582 3429 ct,
594 3372 673 3417 cum
689 3351 776 3416 vidit
791 3370 830 3414 se
847 3370 916 3414 non
940 3370 1042 3433 posse
1063 3368 1151 3430 pree-

201 3453 329 3529 valere,
352 3452 514 3517 confusus
541 3452 682 3518 dimisit.
735 3451 804 3515 His
828 3451 935 3532 igitur
959 3450 1002 3512 de
1024 3447 1151 3523 causis,

201 3553 282 3617 licet
294 3552 372 3617 aliae
388 3572 456 3616 non
471 3553 596 3628 desint,
610 3552 773 3635 quicquid
790 3551 862 3632 egit
875 3551 911 3612 in
926 3557 1019 3614 terra
1030 3553 1152 3611 sancta

199 3672 266 3735 ,pro
295 3651 402 3715 nihilo
431 3662 595 3736 reputans
620 3653 779 3716 dominns
806 3669 899 3733 papa
918 3649 1028 3713 movit
1050 3667 1152 3729 guer-

202 3773 279 3817 ram
301 3759 422 3821 contra
443 3754 570 3835 ipsum,
593 3770 751 3815 asserens
768 3750 904 3834 justum
926 3768 1001 3812 esse
1023 3755 1058 3812 et
1074 3746 1153 3810 fidei

206 3852 414 3917 Christianae
434 3851 677 3928 necessarium,
702 3860 741 3915 ut
759 3857 830 3915 tam
845 3849 980 3914 validus
1000 3846 1155 3911 ccclesiae

206 3959 407 4036 persecutor
433 3972 456 4016 a
476 3951 569 4016 fastu
598 3951 732 4033 imperii
757 3948 969 4032 depellatur3
996 3954 1043 4023 et,
1064 3945 1155 4028 quod

206 4053 259 4116 his
295 4052 454 4116 omnibus
491 4050 730 4116 detestabilius
762 4057 826 4125 est,
860 4055 982 4112 contra
1013 4052 1157 4108 matrem

206 4173 303 4217 suam
327 4151 520 4216 Romanam
549 4151 728 4215 ecclesiam
742 4182 745 4187 >
759 4157 829 4213 tam
859 4167 1000 4232 gravem
1027 4145 1157 4208 excita·
