2864 4866
383 416 523 466 secuse
550 417 820 468 msronmnuu.
1010 401 1076 466 253

125 573 161 637 in
179 575 254 659 ejus
271 577 457 659 praesentia
474 575 603 640 faceret
620 577 838 641 mentionem.
873 576 941 641 Sed
960 585 1076 641 tamen
1089 589 1203 631 ΛΜΝ

44 707 47 712 -
126 675 254 753 Lucas,
276 675 556 760 archiepiscopus
574 677 811 755 Dublinensis,
826 678 886 760 qui
904 677 1026 742 unicus
1044 678 1076 740 ei

125 783 202 839 erat
223 777 367 853 amicus,
389 778 463 858 regi
487 797 550 859 pro
577 796 619 841 eo
643 796 721 840 cum
746 777 933 860 lachrymis
962 778 1075 841 inces-

125 882 244 939 santer
263 877 494 958 supplicabat,
517 885 556 941 ut
575 877 699 941 saltem
725 879 808 961 quid
832 878 898 941 sibi
923 877 1076 961 placeret

126 974 169 1038 de
193 974 353 1039 Huberto
379 976 492 1040 facere
520 976 723 1058 intimaret3
758 979 813 1042 cui
848 998 911 1042 rex
934 997 1078 1060 respon-

127 1075 219 1139 disse
240 1075 361 1154 fertur,
383 1084 423 1141 ut
445 1096 491 1140 ex
513 1076 632 1141 multis
656 1077 800 1159 eligeret
822 1097 942 1155 unum,
959 1077 1015 1143 vel
1038 1078 1075 1140 in

128 1182 294 1239 aeternum
314 1174 479 1257 Angliam
506 1177 678 1260 abjurare,
695 1178 750 1242 vel
777 1186 980 1261 perpetuum
1000 1197 1076 1241 car-

128 1296 239 1340 cerem
263 1275 390 1355 subire,
405 1277 461 1341 vel
478 1277 595 1358 palam
619 1296 656 1341 se
674 1297 749 1342 esse
767 1279 978 1360 proditorem
996 1298 1078 1341 con·

128 1377 230 1454 litori,
248 1377 303 1441 vel
318 1395 355 1440 se
370 1376 406 1440 in
422 1378 515 1458 regis
535 1396 664 1459 ponere
678 1378 869 1442 voluntate.
923 1376 978 1442 Ad
1002 1378 1076 1441 haec

127 1477 305 1560 respondit
324 1476 515 1554 Hubertus,
537 1478 629 1560 quod
646 1477 777 1541 nullum
796 1478 917 1542 horum
934 1478 1077 1559 eligeret

128 1576 363 1655 articulorum,
384 1577 503 1659 utqui
526 1578 706 1642 consilium
730 1579 820 1660 regis
847 1579 948 1642 nimis
970 1579 1076 1641 habe-

128 1679 190 1742 bat
207 1684 418 1759 suspectum,
434 1678 517 1759 quia
537 1678 623 1741 nihil
645 1697 683 1741 se
700 1678 821 1742 fecisse
841 1679 962 1743 recolit
978 1685 1077 1743 tanta

129 1777 328 1842 confusione
348 1777 511 1860 diguum3
536 1785 772 1855 veruntamen,
795 1786 835 1842 ut
851 1778 991 1842 domino
1013 1797 1076 1841 suo

129 1878 203 1960 regi
214 1877 419 1955 satisfaciat,
434 1878 581 1942 libenter
592 1877 635 1942 ad
649 1885 784 1960 tempus
798 1879 910 1942 exiret
921 1898 944 1942 a
957 1898 1077 1960 regno,

128 1978 190 2042 sed
206 1977 292 2041 illud
310 1997 380 2041 non
396 1977 580 2062 abjurabit.
628 1977 832 2043 Morabatur
848 1985 963 2042 autem
979 1985 1077 2060 post-

129 2098 171 2142 ea
190 2077 369 2143 Hubertus
391 2079 427 2141 in
446 2079 581 2161 capella
595 2077 742 2161 praefata
765 2079 882 2143 multis
900 2079 1020 2143 diebus
1042 2087 1078 2144 et

129 2179 289 2242 noctibus
313 2180 475 2243 obsessus
499 2197 577 2242 cum
599 2178 732 2243 duobus
756 2179 998 2256 servientibus
1018 2180 1078 2262 qui
1120 2255 1123 2261 .

130 2277 162 2341 ei
179 2278 345 2343 victualia
365 2277 620 2355 ministrabant,
639 2279 747 2343 donec
767 2299 812 2342 ex
829 2286 1004 2361 praecepto
1027 2299 1078 2342 re·

130 2379 185 2460 gis
214 2379 294 2442 subt
280 2385 393 2442 tracta
423 2379 454 2442 ei
479 2377 619 2442 fuerunt
645 2379 760 2443 omnia
787 2379 993 2443 cibariorum
1016 2398 1074 2460 ge·

130 2498 214 2542 nera
236 2485 271 2542 et
288 2479 477 2544 servientes
499 2479 576 2564 ejus
596 2480 638 2542 de
657 2479 792 2562 capella
813 2478 924 2563 ejecti.
976 2479 1076 2542 Tunc
1089 2484 1217 2582 effisos

132 2576 343 2643 Hubertus
333 2599 369 2643 in
393 2587 489 2644 arcto
506 2580 651 2662 positus,
669 2599 746 2644 cum
768 2579 857 2644 fame
879 2580 991 2693 perire
1012 2581 1077 2644 sibi
1089 2592 1226 2633 thornense-

130 2684 231 2762 turpe
246 2679 432 2757 videretur,
449 2687 574 2763 sponte
589 2679 632 2743 de
648 2680 782 2762 capella
797 2680 919 2758 exivit,
893 2679 1078 2744 tofferens

130 2797 168 2843 se
194 2781 465 2857 vicecomitibus,
492 2781 551 2861 qui
579 2779 676 2843 illum
704 2781 959 2860 observabant3
990 2780 1078 2845 dixit

131 2880 235 2957 enim,
258 2899 295 2944 se
317 2881 434 2963 potius
452 2880 541 2946 velle
564 2880 657 2962 regis
683 2880 951 2944 misericordiam
974 2900 1080 2962 expe-

131 2979 204 3057 riri,
219 2999 324 3064 quam
340 2981 430 3044 fame
445 2979 650 3045 detestanda
667 2980 788 3061 perire.
841 2980 941 3043 Tunc
959 2980 1079 3043 vincu-

131 3079 174 3143 lis
200 3081 404 3145 arctioribus
432 3081 713 3145 constrinxerunt
741 3080 839 3143 illum
862 3080 1080 3144 vicecomites

131 3199 224 3263 saepe
249 3180 332 3244 dicti
357 3188 393 3245 et
419 3199 508 3263 equo
536 3181 634 3244 illum
661 3180 877 3262 imponentes
905 3180 1080 3242 duxerunt

129 3280 176 3344 ad
203 3281 322 3344 urbem
349 3280 620 3358 Loudoniarum,
642 3281 713 3355 ubi,
738 3300 819 3362 rege
838 3280 995 3364 jubente,
1015 3280 1080 3342 sub

132 3387 229 3445 arcta
264 3381 422 3446 custodia
455 3382 642 3464 deputatur
677 3381 715 3444 in
744 3381 831 3444 turri
860 3379 1080 3463 compedibus

130 3480 362 3565 mancipatus.

174 3655 224 3720 De
237 3655 408 3721 collectione
423 3654 663 3742 quadrupedesve
679 3674 783 3717 rerum
799 3650 958 3717 mobilium
974 3651 1040 3738 rapi

505 3775 722 3820 corraeorum

181 3873 413 3959 ‘Henricus,¹
434 3880 501 3945 Dei
524 3881 639 3962 gratia
661 3899 725 3943 rex
747 3877 953 3960 Anglorum,
977 3877 1084 3942 Petro
1096 3896 1151 3987 3¹13
1149 3897 1207 3995 εἴθιζε

1096 3999 1134 4038 the
1142 4002 1179 4037 tax
1188 4009 1216 4036 on

1097 4047 1224 4088 moveablee.

173 4080 337 4148 'Haemi
353 4083 416 4134 This
433 4085 492 4134 vvrit
502 4085 526 4133 is
542 4085 597 4134 also
623 4080 1085 4142 Col.16H.III.1n.2.dorr.Tyrrell‚

106 4218 110 4225 Ι
134 4169 204 4218 upon
223 4155 311 4204 record
330 4155 356 4204 in
375 4155 419 4204 the
442 4155 542 4219 Tower,
564 4156 596 4204 R.
623 4155 757 4216 ii.p.8vv.
