2864 4866
444 420 584 473 ruonus
607 423 878 474 msromnnuu.
1091 401 1136 473 ⁷5

184 584 220 647 in
241 580 473 666 exmqumdis
493 581 583 646 Jesu
609 580 740 646 Christi
764 582 913 665 negotiis
937 572 1024 646 adeo
1046 601 1134 665 pree·
1148 601 1204 642 nn.
1216 602 1272 641 1221.

186 684 384 764 gravamur,
396 681 550 765 quod·ad
565 689 751 747 consuetas
766 700 939 765 expensas
955 700 1026 745 uon
1044 679 1137 745 suffi-

186 781 308 860 cimus,
325 783 392 846 nisi
414 781 534 846 divina
555 783 739 846 clementia
759 789 795 846 et
813 781 965 845 fidelium
984 783 1136 846 virorum

185 883 338 946 subsidio
367 882 467 946 nobis
493 883 530 945 in
555 883 715 964 proximo
741 889 973 946 succurratur.
1042 882 1137 945 Data

137 1014 139 1018 ·
186 980 310 1046 Achon
331 981 536 1047 duodecimo
554 980 723 1046 kalendas
742 975 945 1046 ¹Octobris.’

223 1156 272 1220 De
279 1154 528 1242 peroyliootiooo
541 1153 691 1238 Philippi
705 1152 743 1218 de
758 1151 906 1218 Albeceia
920 1151 967 1216 od
980 1160 1097 1215 torrem

585 1263 735 1318 coactam.
1040 1260 1043 1263 ’

187 1378 341 1444 Anno
355 1379 497 1445 Domini
517 1394 690 1443 mccxxu.
711 1397 773 1441 rex
789 1375 984 1459 Auglorum
1007 1374 1137 1439 Hauri-
1150 1390 1205 1430 An
1217 1391 1272 1430 1222

122 1550 124 1554 y
183 1498 260 1543 eus
277 1479 346 1543 fuit
371 1479 415 1543 ad
448 1480 565 1545 natale
596 1479 689 1561 apud
713 1476 943 1553 Wintoniam,
975 1495 1138 1558 episcopo
1149 1493 1163 1530 n
1150 1441 1279 1590 οέὴὲἳνο

187 1579 341 1643 civitatis
358 1579 464 1644 Petro
480 1579 597 1643 omnia
614 1579 680 1642 sibi
697 1576 892 1641 necessaria
908 1576 1137 1639 ministrante.
1150 1591 1286 1641 norma

187 1677 270 1757 Quo
284 1679 389 1744 etiam
400 1687 554 1762 tempore
569 1672 772 1762 ²Philippus
788 1677 831 1740 de
843 1674 1025 1753 Albeneio,
1040 1675 1138 1738 miles

185 1785 351 1843 strenuus
367 1798 409 1843 ac
425 1798 560 1844 morum
578 1778 760 1842 honestate
777 1775 1070 1851 commendabilis,
1085 1793 1138 1837 re-

185 1877 313 1961 gisque
337 1878 531 1960 Anglorum
554 1869 779 1959 magister-et
801 1875 954 1939 eruditor
980 1873 1138 1936 fidelissi-

186 1979 365 2054 mus-iter
383 1977 741 2062 Hierosolymitanum
765 1975 934 2057 arripiens
957 1974 1039 2036 illuc
1060 1992 1138 2036 cum

187 2079 419 2160 prosperitate
436 2098 478 2142 ac
494 2079 569 2143 siue
592 2096 703 2163 rerum
727 2074 954 2139 diminutione
969 2073 1139 2155 pervenit,

191 2179 261 2259 qui,
282 2178 440 2260 protinus
464 2184 503 2242 ut
522 2185 652 2242 statum
675 2185 776 2240 terrac
798 2174 986 2250 didicisset,
1003 2172 1139 2236 Rauul·

189 2276 259 2358 pho
276 2278 394 2342 comiti
410 2277 555 2342 cestriae
570 2278 689 2341 literas
704 2276 741 2339 in
758 2275 833 2339 haec
851 2275 959 2337 verba
975 2272 1123 2350 direxit3

461 2447 514 2520 Dc,
524 2446 687 2511 amatione
699 2446 862 2512 Domictae.

188 2570 471 2636 ‘Reverendo
493 2571 632 2635 domiuo
655 2577 691 2635 et
709 2571 832 2648 amico,
856 2568 902 2634 R
924 2570 1041 2635 comiti
1058 2569 1140 2634 Ces·
1153 2591 1288 2631 anienem

192 2670 268 2736 triae
291 2678 328 2734 et
342 2669 549 2749 lincolniae,
568 2689 657 2734 suus
684 2672 810 2754 ubique
834 2669 876 2734 P.
897 2670 939 2737 de
959 2669 1140 2749 Albeneio,
1153 2643 1274 2733 iffi&

191 2770 340 2834 salutem
371 2777 407 2834 et
437 2785 529 2835 verae
559 2771 753 2834 dilectionis
785 2769 955 2834 affectum
1001 2769 1140 2834 Vestrae

191 2869 333 2934 notifico
361 2870 588 2948 excellentiae,
617 2870 711 2953 quod
739 2871 774 2933 in
807 2868 861 2932 die
894 2870 1140 2951 assumptionis

193 2969 338 3050 virginis
357 2969 481 3032 Mariae
498 2977 600 3033 extra
614 2976 752 3051 portum
769 2967 937 3031 Massiliae
954 2968 1142 3032 velificavi·

191 3087 270 3132 mus
292 3075 328 3132 et
351 3068 388 3131 iu
413 3066 469 3132 die
495 3068 603 3132 Lunae
628 3075 714 3132 ¹ante
742 3069 960 3133 nativitatem
986 3067 1140 3149 ejusdem

190 3167 339 3250 uirginis
383 3172 464 3230 ante
504 3167 700 3232 Damietam
736 3167 906 3242 venimus,
941 3168 1056 3249 ibique
1088 3167 1140 3229 in·

191 3266 350 3330 uenimus
382 3266 511 3331 multas
542 3287 649 3332 naves
673 3266 872 3331 recedentes
901 3265 945 3329 de
972 3266 1078 3344 villa3
1106 3275 1141 3331 et

192 3372 343 3431 lantum.
360 3366 496 3430 locutus
524 3367 574 3430 sui
599 3386 677 3431 cum
701 3365 850 3449 quadam
879 3366 984 3430 barca
1006 3372 1041 3429 et
1066 3372 1142 3428 tau-

194 3473 268 3530 tum
294 3465 489 3540 homiuibus
505 3466 595 3544 dedi,
613 3466 706 3549 quod
720 3466 764 3530 ad
780 3484 843 3528 nos
861 3465 956 3549 loqui
973 3474 1142 3529 venerunt

190 3571 228 3630 et
260 3566 360 3629 nobis
390 3585 544 3630 rumores
574 3566 719 3630 multum
751 3566 868 3630 tristes
901 3572 1140 3629 narraverunt.

88 3737 90 3741 y
194 3663 298 3743 Quod
311 3665 473 3729 videlicet
494 3685 579 3747 gens
602 3673 722 3730 nostra
743 3666 786 3729 de
809 3666 971 3728 Damieta
993 3673 1028 3728 ct
1045 3685 1141 3747 mag·

230 3864 380 3929 ¹0etobria.]
399 3866 475 3915 Paris
491 3866 654 3916 insertabam
679 3865 819 3914 Scotlund:
848 3863 908 3912 both
924 3865 1057 3927 weddinge
1072 3879 1141 3914 were

193 3938 236 3987 the
252 3933 418 3997 marriage'oi
426 3934 582 3997 Alexander,
592 3936 655 3998 king
680 3935 823 3984 celebrated
835 3940 862 3983 at
870 3933 951 3983 Yorlr.
1226 3969 1229 3972 >

193 4007 226 4057 of
237 4004 367 4068 Scotland,
377 4005 441 4055 with
457 4007 534 4068 Joau,
545 4001 655 4066 Henry’s
716 4003 870 4067 2ΡΙιὶῑὶρριιε
884 4005 913 4051 de
923 4001 1061 4065 Albeceia]
1079 4003 1142 4051 Wil-

192 4078 276 4128 eldcst
285 4077 370 4138 sister,
381 4090 411 4125 as
419 4076 474 4125 also
481 4076 524 4124 the
531 4075 655 4136 marriage
680 4072 741 4122 liam
758 4070 896 4134 ‹l’Albiney
913 4073 965 4121 had
981 4073 1042 4121 died
1060 4073 1140 4132 there,

193 4148 223 4199 ol
236 4147 318 4210 Hugh
333 4147 366 4194 de
378 4146 468 4208 Burgh
479 4145 541 4194 with
553 4144 656 4206 Marga·
681 4144 817 4205 according
834 4149 859 4192 to
879 4143 966 4204 Paris,
982 4143 1008 4190 iu
1024 4142 1066 4192 the
1084 4159 1142 4204 pre-

193 4222 239 4281 ret,
263 4217 307 4267 the
330 4217 405 4266 sister
429 4216 458 4265 oi
476 4215 519 4264 the
546 4214 609 4276 king
631 4213 659 4263 ol
681 4213 833 4275 viousyear.
