2864 4866
349 392 424 458 240-
618 410 752 459 nocnur
777 412 833 462 un,
847 412 1050 461 wuuuovnn

186 591 242 652 nn.
252 593 310 632 1232.
347 572 439 636 unde
466 593 556 638 nunc
587 575 721 652 merito,
744 593 822 638 cum
851 573 1004 637 venisset
1030 579 1166 654 tempus
1196 569 1300 634 mise-

186 641 281 733 ltili
290 693 308 734 1.
348 673 445 737 rendi
457 675 536 750 Dei,
548 674 590 739 de
602 674 699 751 lucie,
720 683 760 738 ut
775 674 956 751 credimus,
972 673 1169 755 poenalibus
1186 678 1301 735 trans-

349 774 440 839 latus
464 782 517 838 est
538 774 581 838 ad
605 795 713 856 regna
734 777 809 838 sine
830 774 897 838 fine
918 793 1093 849 mansura,
1117 772 1176 835 ubi
1198 771 1301 835 militi

349 875 502 958 reposita
519 881 573 938 est
591 895 612 939 a
631 895 712 957 rege
729 874 880 951 Christo,
896 875 952 937 cui
974 874 1122 937 fideliter
1143 871 1301 948 servivit,

349 993 477 1038 corona
486 975 648 1059 justitiae,
668 995 772 1057 quam
792 975 988 1057 repromisit
1009 974 1106 1038 Deus
1124 971 1302 1052 diligenti-

348 1076 413 1138 bus
435 1095 484 1139 se.
536 1073 701 1140 Gaudent
729 1075 772 1139 de
798 1075 873 1158 ejus
902 1075 1068 1139 societate
1093 1073 1205 1137 sancti
1236 1072 1301 1148 illi,

349 1195 495 1257 quorum
512 1182 651 1240 sanctas
668 1175 813 1240 redemit
828 1176 991 1257 reliquias
1013 1194 1034 1238 a
1052 1171 1240 1240 Salaadino
1265 1173 1303 1234 in

349 1283 441 1338 terra
466 1275 700 1358 promissionis
727 1296 790 1359 pro
816 1275 1069 1359 quinquaginta
1094 1273 1228 1337 duobus
1251 1273 1304 1335 bi-

349 1375 542 1439 zantiorum
573 1376 736 1453 millibus,
759 1384 863 1458 pacto
891 1375 1096 1458 interposito
1123 1393 1201 1438 cum
1234 1373 1302 1437 eis-

351 1475 427 1539 dem
451 1475 593 1552 sanctie,
616 1484 656 1540 ut
679 1476 772 1559 apud
795 1477 908 1541 Deum
935 1475 972 1537 in
996 1493 1158 1556 suprema
1182 1493 1302 1538 neces·

350 1574 455 1639 sitate
491 1595 555 1639 sua
595 1577 666 1640 suis
702 1596 780 1640 cum
815 1575 1120 1640 intercessionibus
1157 1573 1304 1657 adjuva-

350 1682 438 1739 rent.
475 1675 585 1740 Erant
601 1677 692 1739 enim
708 1676 863 1759 reliquiae
880 1683 1078 1740 memoratae
1099 1675 1136 1737 in
1153 1682 1303 1755 quatuor

350 1776 509 1839 eburneis
540 1776 695 1841 collectae
733 1777 906 1858 capsellis,
946 1784 1099 1858 tempore
1131 1775 1303 1857 captionis

351 1882 454 1939 terrae
468 1883 598 1960 sanctae
622 1896 663 1940 ac
685 1878 797 1940 crucis
820 1876 1018 1941 reverendae
1041 1877 1084 1939 ab
1106 1874 1303 1938 infidelibus

352 1975 545 2054 Saracenis,
576 1996 639 2058 per
664 1983 774 2041 totam
801 1976 962 2041 Judaeam
990 1983 1025 2039 et
1046 1975 1242 2051 Galilaeam,
1267 1981 1303 2038 et

351 2085 450 2141 erant
482 2077 629 2159 singulae
658 2077 819 2160 capsellae
847 2085 956 2142 tantae
988 2074 1235 2158 magnitudinis
1262 2093 1302 2138 ac

351 2176 631 2258 ponderositatis
654 2185 695 2242 ut
709 2178 770 2242 vix
790 2198 812 2242 a
831 2186 982 2261 quatuor
1004 2176 1199 2241 hominibus
1223 2195 1303 2256 por-

351 2284 517 2341 tarentur.
564 2276 632 2340 Sed
649 2277 723 2342 haec
740 2278 898 2360 superius
913 2278 949 2341 in
964 2277 1072 2359 gestis
1089 2275 1193 2359 hujus
1209 2274 1302 2357 regis

351 2375 519 2441 Richardi
535 2377 640 2442 latius
657 2378 863 2442 referuntur.

410 2549 460 2612 De
474 2547 672 2614 distractione
675 2549 811 2637 frugum
828 2549 1008 2618 clericorum
1022 2529 1241 2642 Romanorum.

186 2685 338 2778 {ffiffl'i
401 2673 531 2737 Eodem
548 2694 639 2739 anno
655 2675 822 2742 distracta
834 2684 915 2742 sunt
929 2677 1052 2742 horrea
1063 2678 1301 2743 Romanorum

187 2788 264 2838 cleru-
293 2852 296 2857 .
349 2793 411 2856 per
433 2782 543 2838 totam
570 2775 641 2840 fere
659 2776 837 2859 Angliam,
860 2797 882 2841 a
905 2777 988 2843 viris
1008 2779 1215 2861 quibusdam
1242 2797 1298 2841 ar-

349 2875 453 2938 matis
473 2881 508 2939 et
535 2875 648 2940 adhuc
671 2870 829 2960 ¹ign0tis,
853 2879 953 2942 bonis
978 2878 1234 2942 conditionibus
1265 2885 1301 2943 et

349 2974 392 3037 ad
419 2976 633 3039 commodum
660 2978 866 3057 multorum3
900 2987 935 3043 et
963 2998 1062 3062 opus,
1086 2979 1169 3042 licet
1194 2984 1302 3042 teme-

349 3075 489 3150 rarium,
512 3075 548 3138 in
570 3076 778 3142 solennitate
803 3077 967 3142 Paschali
988 3078 1201 3156 inchoantes,
1225 3078 1300 3143 sine

349 3174 620 3240 contradictione
649 3184 684 3242 ct
711 3177 828 3255 libere,
854 3179 945 3262 quod
970 3177 1183 3263 inceperant,
1205 3198 1300 3242 com·

348 3273 541 3355 pleverunt.
602 3275 737 3360 Largus
768 3277 1003 3362 eleemosynas
1036 3278 1301 3343 advenientibus

347 3374 600 3440 distribuebant
624 3378 755 3459 egeniS,
778 3385 813 3442 et
832 3379 1039 3462 quandoque
1068 3397 1225 3443 nummos
1248 3379 1301 3442 in-

348 3480 401 3537 ter
420 3494 590 3558 pauperes
613 3478 822 3543 seminantes
844 3498 903 3542 eos
925 3479 1087 3561 colligere
1112 3478 1298 3543 hortaban-

349 3583 415 3639 tur.
469 3576 691 3641 Delituerunt
712 3579 827 3642 clerici
848 3578 998 3643 Romani
1022 3580 1058 3642 in
1078 3578 1238 3656 abbatiis,
1256 3578 1299 3644 de

338 3675 485 3758 ¹injuriis
529 3676 595 3739 sibi
625 3676 733 3741 illatis
766 3698 981 3743 murmurare
1013 3699 1083 3742 non
1119 3677 1301 3759 audentes,

350 3774 431 3856 quia
456 3775 635 3856 elegerunt
660 3777 776 3858 potius
804 3798 859 3842 res
889 3798 971 3842 suas
998 3780 1166 3857 amittere,
1192 3799 1299 3863 quam

348 3873 463 3955 puniri
493 3876 665 3939 sententia
696 3878 848 3960 capitali.
914 3879 1025 3944 Erant
1049 3887 1166 3943 autem
1193 3878 1299 3964 hujus

348 3974 553 4038 temeritatis
575 3984 733 4041 auctores
758 3977 823 4042 viri
842 3981 943 4062 quasi
969 3986 1094 4062 quater
1115 3980 1239 4062 viginti
1262 3987 1300 4046 et

385 4148 520 4216 'Ignotte.]
537 4153 545 4180 ‘
559 4153 609 4201 Per
627 4153 749 4214 quosdam
767 4169 807 4204 sa·
833 4159 871 4203 ter
882 4169 991 4204 excussa
1002 4155 1191 4219 venderentur;’
1203 4155 1298 4208 (ibren.

347 4222 439 4272 tellites
451 4222 527 4272 blada
538 4223 808 4275 Romanorumriolen·
834 4225 929 4276 Dunst.
936 4240 963 4286 p.
972 4229 1030 4276 20⁷.
