2864 4866
396 411 535 460 neonus
559 409 829 459 nrsronmnuu.
1026 393 1093 459 283

140 567 221 650 rege
239 575 275 631 et
288 566 494 631 consiliariis
509 567 598 651 ejus.
642 564 700 632 As
716 586 775 632 ore
790 573 905 631 autem
920 569 1013 650 regis
1029 589 1091 634 au·
1102 582 1226 624 A·1>-12³³·

1103 634 1215 684 Proposuls

142 669 241 744 divit,
257 674 297 731 ut
312 667 459 744 dicebat,
474 666 578 750 quod,
595 667 678 732 licet
690 668 804 732 dictus
820 688 935 732 comes
953 669 1090 735 Mares·
1102 683 1245 782 ffietptpp

142 767 251 832 callus
282 766 470 850 proditiose
504 768 606 831 nimis
632 773 667 832 et
686 769 803 850 inique
833 769 945 850 egerit
969 778 1091 835 contra
1102 785 1202 827 mmm.

143 868 269 951 ipsum,
283 867 326 945 si,
341 868 439 931 nulla
452 867 547 931 sacta
569 869 766 932 narratione
788 869 831 933 de
854 869 971 952 aliquo
984 890 1090 953 opere

142 969 367 1051 praeambulo,
388 987 426 1034 se
447 968 554 1033 vellet
575 969 714 1033 omnino
743 988 937 1053 supponere
958 971 1091 1035 miseri·

144 1069 270 1133 cordiae
301 1067 430 1133 domini
460 1070 565 1151 regis,
596 1087 660 1133 rex
689 1070 893 1134 concederet
921 1070 953 1134 ei
982 1072 1090 1135 vitam

144 1190 222 1234 cum
244 1169 416 1246 membris,
434 1176 470 1233 et
485 1175 623 1233 tantum
636 1169 679 1233 de
697 1169 982 1235 Heresordschire
998 1171 1091 1254 qnod

145 1271 223 1334 inde
240 1270 384 1334 honeste
398 1269 515 1334 vivere
529 1277 659 1352 posset.
690 1269 837 1335 Audivit
854 1271 959 1335 etiam
974 1291 996 1335 a
1013 1272 1091 1335 Ste-

143 1370 259 1452 phano
280 1370 323 1434 de
343 1370 508 1452 Segrave,
524 1370 616 1451 quod
639 1369 751 1434 forma
773 1371 1015 1436 misericordiae
1038 1391 1092 1434 re·

144 1470 319 1535 velaretur
343 1470 478 1535 duobus
503 1470 546 1534 de
572 1471 691 1535 amicis
716 1470 926 1549 Marescalli,
949 1472 992 1536 de
1015 1471 1091 1554 qui·

144 1571 209 1634 bns
223 1570 421 1648 confideret,
435 1571 495 1653 qui
513 1570 722 1634 Marescallo
739 1571 984 1652 significarent,
1000 1571 1092 1654 quod

145 1690 264 1735 secure
291 1690 329 1735 se
349 1677 470 1754 posset
491 1688 619 1753 ponere
634 1671 683 1733 “in
713 1670 949 1734 misericordia
976 1671 1091 1752 regis3

146 1772 196 1836 ita
220 1777 348 1848 tamen,
370 1769 465 1854 quod
492 1789 556 1834 neo
584 1770 652 1853 ipsi
681 1769 902 1848 Marescallo,
927 1790 991 1836 neo
1021 1771 1092 1849 alii,

145 1871 291 1936 formam
311 1870 553 1935 misericordiae
574 1869 781 1948 revelarent,
803 1870 904 1934 etsie
927 1870 1093 1953 ignorans

147 1972 292 2035 formam
317 1971 382 2036 hoo
404 1970 545 2036 faceret.
597 1968 655 2035 Ab
683 1969 761 2034 aliis
787 1977 903 2035 autem
929 1971 972 2034 de
998 1971 1095 2036 curia

148 2072 293 2149 audivit,
311 2071 394 2155 quia
413 2070 621 2154 expediebat
643 2070 851 2135 Marescallo
873 2071 987 2134 facere
1006 2089 1095 2154 prae-

147 2171 259 2251 dicta;
284 2173 365 2255 quia
382 2171 547 2247 debitum,
559 2171 641 2252 quia
657 2170 755 2248 utile,
772 2171 854 2253 quia'
867 2177 991 2235 tutum.
1022 2171 1094 2236 De-

147 2273 218 2349 bet,
240 2273 322 2354 quia
344 2272 426 2335 fecit
443 2270 606 2355 injuriam
628 2269 766 2335 domino
788 2289 878 2352 suo;
901 2271 973 2353 qui,
997 2278 1095 2335 ante·

147 2392 251 2455 quam
265 2392 329 2436 rex
344 2371 525 2436 invaderet
539 2377 666 2434 terram
682 2377 744 2435 aut
758 2390 941 2453 personam
958 2371 1094 2435 Mares-

147 2473 239 2549 calli,
259 2474 334 2556 ipse
358 2471 488 2536 invasit
508 2478 637 2535 terram
658 2470 788 2534 domini
807 2473 913 2554 regis,
935 2473 1093 2537 combus-

146 2573 205 2650 sit,
227 2572 411 2649 destruxit,
438 2578 474 2635 et
495 2570 650 2635 homines
674 2571 856 2637 interfecit
909 2571 1006 2636 Etsi
1032 2572 1093 2636 ille

149 2672 245 2751 dicit,
262 2692 300 2736 se
325 2671 391 2735 hoc
406 2670 530 2736 fecisse
552 2671 595 2735 ad
612 2669 792 2736 tuitionem
814 2671 968 2755 corporis
989 2671 1044 2735 sui
1059 2679 1095 2735 et

148 2772 359 2837 haereditatis
376 2790 470 2850 suae3
494 2771 626 2850 dicunt,
640 2771 732 2854 quod
746 2791 827 2850 non,
839 2771 921 2855 quia
934 2772 971 2835 in
984 2771 1093 2853 ipsius

148 2893 273 2957 corpus
294 2879 356 2937 aut
370 2871 683 2936 exhaeredationem
699 2891 767 2935 non
780 2872 848 2936 fuit
861 2890 1014 2954 unquam
1030 2872 1093 2934 ali·

148 2974 230 3057 quid
260 2972 502 3037 machinatum.
557 2971 633 3036 Neo
655 2972 699 3036 ob
728 2971 793 3035 hoo
815 2978 931 3036 tamen
955 2971 1095 3036 deberet

149 3092 372 3157 prorumpere
396 3079 517 3137 contra
539 3071 714 3137 domiuum
738 3090 852 3150 suum,
875 3072 984 3136 donec
1012 3091 1094 3137 ocu·

151 3175 225 3238 lata
248 3174 315 3238 fide
341 3180 566 3255 cognosceret
589 3191 705 3254 regem
727 3179 850 3237 contra
873 3173 987 3254 ipsum
1010 3172 1095 3236 talia

151 3274 324 3356 cogitare3
347 3279 384 3337 et
399 3293 443 3337 ex
458 3280 543 3337 tunc
555 3272 674 3337 liceret
688 3272 774 3336 talia
789 3279 1008 3355 attemptare.
1038 3270 1094 3337 Ad

151 3375 215 3439 hoc
237 3373 450 3457 respondens
475 3373 704 3437 Marescallus
725 3372 825 3437 fratri
848 3371 997 3455 Agnello
1020 3372 1094 3436 dix-

151 3476 192 3552 it,
210 3471 290 3537 ‘Ad
306 3474 466 3557 primum,
482 3473 575 3557 quod
591 3472 722 3550 dicunt,
736 3473 855 3550 debeo,
870 3474 953 3555 quia
967 3479 1094 3536 terram

150 3575 244 3657 regis
262 3575 389 3652 invasi,
411 3593 480 3638 non
502 3579 556 3637 est
572 3578 712 3651 verum3
728 3572 811 3655 quia
828 3593 890 3636 rex
912 3573 999 3656 ipse,
1017 3591 1095 3635 oum

152 3694 288 3758 semper
302 3680 443 3758 paratus
457 3693 566 3738 essem
580 3680 674 3737 stare
682 3672 755 3757 juri
766 3680 809 3737 >et.¹
815 3672 948 3757 judicio
961 3673 1096 3756 parium

151 3795 304 3841 meorum
325 3774 476 3838 incuria
497 3793 574 3850 sua,
595 3780 630 3838 et
646 3793 708 3857 per
729 3773 846 3856 plures
864 3773 1096 3838 internuntios

152 3876 282 3960 pluries
298 3875 383 3958 petii
404 3874 503 3951 illud,
526 3874 616 3956 quod
633 3873 768 3956 abipso
785 3873 869 3936 mihi
885 3893 1022 3956 semper
1037 3893 1098 3936 ex-

150 3977 243 4041 stitit
253 3975 473 4056 denegatum,
482 3981 608 4038 terram
622 3993 733 4038 meam
744 3973 912 4039 violenter
922 3974 1098 4056 ingressus

153 4085 276 4142 contra
290 4095 425 4139 omnem
442 4075 772 4159 justitiamssinvasit.
819 4074 885 4138 Cui
905 4093 1049 4158 sperans
1064 4075 1100 4137 in

154 4177 347 4242 humilitate
374 4176 523 4259 placere,
551 4175 695 4240 sormam
721 4176 817 4258 pacis
846 4195 924 4240 cum
949 4195 998 4240 eo
1014 4175 1098 4237 mihi
