2864 4866
395 421 535 470 rnonns
558 421 825 471 msromnauu.
1042 409 1085 473 51

130 573 183 658 pit
215 576 300 655 suis,
334 585 374 642 ut
407 597 483 643 sese
520 579 741 644 retrahentes
769 580 926 645 hostibus
960 582 1087 648 darent
1095 590 1151 680 ἐξ·
1163 594 1218 682 ¹23⁹·

130 675 338 758 ingressum,
361 679 422 743 sed
446 679 497 743 illi
520 680 654 761 ingredi
681 700 751 744 non
777 681 977 762 audebant3
1009 703 1082 748 mu·
1095 653 1209 735 ”ffir-

130 775 232 840 lieres
266 798 404 863 quoque
437 779 664 844 bellatoribus
698 779 905 846 Christianis
941 802 1081 866 aquarn,

130 875 262 956 vinum,
293 898 431 962 panem,
465 900 507 945 ac
538 880 671 964 lapides
705 881 874 964 intrepide
908 883 1082 949 ministra·

131 977 244 1057 bant;
295 980 493 1045 sacerdotes
539 999 622 1046 vero
672 982 821 1046 orationi
861 983 1081 1063 insistebant,

132 1076 318 1142 Dominum
353 1080 594 1145 benedicentes
621 1089 658 1146 et
679 1082 913 1148 sauciatorum
935 1085 1084 1150 vulnera

131 1177 328 1260 alligantes.
381 1181 425 1244 In
451 1181 527 1264 ipso
552 1181 607 1245 die
638 1190 760 1247 sancto
784 1202 854 1247 non
881 1191 935 1248 est
961 1184 1084 1249 Chris--

131 1277 235 1341 tianis
272 1280 424 1362 spatium
461 1281 580 1345 datum
619 1281 706 1346 alias
746 1283 905 1365 gestandi
945 1285 1079 1367 palmas

131 1397 236 1460 quam
264 1379 422 1460 balistas,
450 1400 562 1459 arcus,
589 1382 739 1460 lanceas,
766 1384 914 1465 gladios,
939 1385 1079 1468 clypeos

129 1479 359 1561 etsagittas3
389 1482 478 1546 adeo
498 1483 590 1546 enim
613 1483 791 1548 instabant
809 1484 938 1548 inimici
955 1505 1078 1550 eorum

105 1579 296 1644 ‘atrociter
326 1582 443 1647 studio
477 1582 665 1648 liberandae
704 1584 869 1661 civitatis,
901 1586 994 1668 quod
1034 1589 1079 1651 ab

129 1685 207 1744 ortu
232 1681 315 1745 solis
342 1701 452 1766 usque
476 1683 520 1747 ad
544 1683 664 1747 horam
690 1683 758 1748 diei
781 1683 948 1750 decimam
971 1686 1078 1750 fideli-

129 1779 195 1843 bus
217 1783 369 1864 requiem
394 1803 464 1848 non
489 1783 668 1860 dederunt,
691 1784 752 1848 sed
776 1785 914 1849 tandem
939 1786 1078 1868 fatigati

129 1898 205 1944 sese
222 1900 299 1945 cum
317 1882 444 1948 damno
467 1885 619 1949 maximo
633 1877 693 1948 ¹de
714 1884 790 1949 loco
808 1887 1005 1949 certaminis
1024 1907 1077 1950 re-

130 1985 323 2047 traxerunt.
375 1984 419 2048 Iu
438 1985 527 2049 festo
546 1986 671 2048 iterum
692 1984 886 2049 Dominicae
899 1987 1077 2076 ,ascensio-

130 2081 184 2144 nis
204 2101 298 2148 more
324 2085 428 2148 solito
456 2104 520 2169 per
542 2092 670 2149 terram
697 2092 732 2149 et
754 2105 881 2168 aquam
904 2087 1078 2151 irruerunt

128 2181 249 2264 perfidi
274 2184 311 2250 in
335 2184 565 2264 Christianos,
594 2204 636 2250 ac
659 2185 834 2250 multoties
859 2187 938 2251 illos
962 2194 1077 2251 atten-

129 2274 270 2361 tantes,
295 2285 486 2367 praevalere
523 2306 591 2350 non
633 2293 832 2368 potuerunt,
868 2288 930 2351 sed
969 2308 1077 2371 prope

129 2390 245 2447 castra
262 2404 321 2448 eos
341 2392 570 2468 provocantes
587 2393 708 2451 mutuo
726 2386 771 2451 ad
786 2387 934 2453 invicem
951 2387 1078 2453 damna

129 2484 353 2567 pertulerunt

140 2627 190 2726 Do
203 2664 292 2729 tertio
306 2664 422 2751 inpetu
437 2665 605 2831 crudem·
611 2667 704 2750 sacto
719 2665 759 2732 od
776 2638 945 2731 tardato
959 2672 1065 2730 contro

503 2767 531 2831 0
573 2766 704 2831 'tiones

179 2885 422 2974 Collegemnt²
437 2892 585 2975 deniqne
604 2891 723 2957 hostes
739 2890 818 2954 fidei
834 2890 943 2973 pridie
958 2889 1078 2954 kalen-

127 2989 250 3054 darum
273 2989 428 3074 Augusti
458 3012 593 3057 omnem
622 3011 726 3075 quam
760 2998 923 3074 poterant
950 2991 1077 3081 habere

127 3091 262 3174 copiam
292 3091 511 3168 bellatorum,
539 3093 599 3176 qui
632 3099 713 3176 post
739 3090 892 3154 diutinos
922 3092 1076 3155 assultus

39 3234 43 3240 -
128 3188 297 3256 fossatum
316 3200 439 3257 contra
456 3190 614 3257 militiam
633 3191 770 3275 Templi
788 3191 927 3255 tandem
945 3199 1078 3255 transe-

128 3298 243 3370 untes,
272 3311 315 3356 ac
341 3293 511 3358 violenter
539 3294 637 3358 licias
654 3293 913 3374 dirumpentes,
944 3292 1077 3374 pedites
1109 3291 1111 3296 ’

130 3389 403 3457 Christianorum
436 3394 472 3457 in
498 3394 618 3476 firgam
642 3399 833 3470 verterunt,
863 3391 914 3456 ita
939 3391 1076 3474 quidem

129 3498 169 3555 ut
179 3493 342 3558 universo
358 3494 527 3558 exercitui
540 3494 729 3577 periculum
743 3493 948 3572 immineret.
991 3484 1077 3554 3Μί-

127 3590 219 3670 lites,
238 3593 373 3676 equites
395 3594 498 3658 simul
524 3601 559 3658 et
583 3594 717 3676 pedites
749 3593 921 3658 seculares
944 3599 998 3656 ter
1019 3612 1077 3656 coo

164 3766 224 3821 ¹De
246 3772 296 3823 loco
316 3771 457 3822 certaminis
478 3776 589 3822 retruso·
613 3771 704 3821 ‘nobis
720 3772 747 3821 in
758 3786 856 3820 summo
872 3771 986 3833 periculo
1003 3773 1078 3821 relic·

127 3835 208 3910 runt]
231 3843 268 3891 At
281 3840 332 3892 this
349 3844 420 3904 time,
436 3857 465 3892 as
481 3842 540 3893 Jac.
557 3842 589 3890 de
614 3836 673 3902 tis;’
685 3857 711 3903 p.
722 3844 795 3891 uss.

127 3911 241 3962 vitriaco
265 3913 376 3975 recordo,
400 3913 444 3962 the
471 3913 541 3961 duke
564 3912 593 3961 ol
649 3908 844 3974 ²Collegeroat.]
865 3911 1076 3963 Jeedevitriac.

128 3981 244 4046 Austris,
259 3984 319 4032 wbo
337 3983 388 4034 had
410 3985 475 4033 been
496 3998 554 4032 now
574 3997 590 4032 a
614 3998 641 4044 p.
666 3986 752 4044 11383
776 3982 873 4031 Oliver.
901 3981 1025 4033 Scholast.
1048 3999 1078 4045 p.

129 4067 191 4114 year
212 4053 263 4103 and
279 4069 295 4104 a
313 4054 370 4103 half
387 4054 451 4103 with
466 4054 509 4102 the
532 4068 591 4103 cru·
616 4056 688 4102 1189.

128 4123 227 4186 saders,
248 4124 298 4174 and
324 4140 341 4174 a
363 4128 434 4188 great
455 4123 591 4173 multitude
650 4119 788 4185 ’Milites.]
806 4122 925 4173 ‘Milites
947 4123 980 4171 de
1001 4122 1080 4172 Fran·

128 4193 157 4244 ol
186 4193 334 4261 foreiguers,
359 4195 478 4245 returned
508 4194 591 4260 home,
615 4189 682 4256 cia3’
699 4192 760 4242 ibid.

932 4292 974 4337 u2
