2864 4866
336 382 401 448 184
591 397 725 445 aocnar
749 397 797 443 nn
819 370 1027 444 wnuuovur't

175 566 299 608 aalma·
338 554 434 618 ritati
447 547 576 620 *vestrae
592 561 627 618 et
643 554 766 618 honori
787 573 891 636 super
911 550 1107 634 praemissis
1132 547 1214 631 quia
1235 545 1288 609 in-

338 654 460 718 imicus
483 661 599 718 vester
622 654 830 736 saepedictus
854 652 877 716 J
880 651 1034 717 ohannes
1057 650 1100 714 de
1123 649 1286 712 Breisnes

339 774 457 818 omnes
474 762 596 838 portus
612 754 816 817 cismarinos
834 772 912 816 cum
933 749 1211 832 exploratoribus
1229 765 1285 808 ar·

340 855 444 917 matis
466 874 535 918 non
558 855 677 936 paucis
703 852 860 928 munivit,
888 859 939 929 ut,
961 851 992 914 si
1012 850 1100 914 sorte
1126 850 1287 912 incautus

342 972 363 1016 a
386 954 664 1036 peregrinatione
685 953 827 1029 redires,
850 952 925 1033 ipse
947 969 1011 1014 vos
1039 950 1103 1012 sub
1127 949 1288 1030 captione

339 1053 540 1117 conclusum
553 1053 795 1129 incarceraret,
813 1049 906 1135 quod
921 1051 1019 1115 Deus
1033 1046 1192 1114 avertat?

392 1222 542 1304 Quomodo
557 1222 663 1287 acatii
679 1223 759 1309 repis
771 1222 944 1308 duplorum
961 1219 1121 1286 instabant
1136 1221 1240 1284 Euae

510 1322 556 1386 ad
571 1322 760 1407 dejectionem
774 1322 860 1386 electi
877 1321 1121 1387 centuariensis.

179 1461 303 1512 Thorius·
393 1447 523 1511 Eodem
553 1454 720 1529 tempore,
752 1447 905 1511 instante
937 1446 992 1511 dic
1020 1446 1196 1521 Cincrum,
1229 1442 1288 1526 qui

180 1523 312 1561 mesrengers

179 1563 287 1610 araone,
342 1546 452 1610 electo
482 1545 725 1610 Cantuariensi
756 1554 791 1610 et
818 1547 948 1611 nuntiis
979 1545 1070 1627 regis
1093 1544 1287 1626 Anglorum

178 1614 305 1752 {ilidii
342 1647 456 1710 fuerat
482 1646 660 1729 praefixus
691 1654 731 1711 ut
753 1646 835 1728 quid
865 1648 908 1710 de
931 1646 1012 1730 jure
1039 1646 1128 1709 foret
1149 1663 1171 1707 a
1195 1662 1290 1726 papa

195 1714 317 1762 ‘mmm'
342 1745 576 1810 diffiniendum
599 1747 690 1810 iuter
711 1753 840 1828 parteS,
865 1752 1106 1828 procuratores
1129 1744 1213 1807 dicti
1236 1763 1290 1806 re·

342 1846 413 1927 gis,
425 1853 461 1910 et
474 1846 653 1928 praecipue
667 1846 833 1927 magister
849 1845 873 1909 J
875 1844 1030 1910 ohannes
1046 1844 1088 1908 de
1109 1844 1291 1919 Houtona,

343 1945 517 2009 dominum
551 1964 678 2028 papam
709 1953 744 2009 et
767 1944 960 2009 cardinales
990 1963 1108 2009 omnes
1141 1943 1290 2006 assiduis

343 2044 567 2128 petitionibus
601 2050 848 2121 convenerunt,
878 2044 938 2108 sed
967 2045 1047 2108 illos
1075 2043 1290 2107 invenientes

343 2164 387 2207 ex
412 2163 507 2208 more
531 2143 685 2208 difficiles
708 2145 897 2208 timuerunt
915 2144 1016 2208 valde
1036 2163 1058 2207 a
1074 2163 1137 2206 suo
1155 2142 1291 2206 deside-

343 2243 395 2307 rio
418 2242 615 2307 defraudari
631 2264 640 2323 ;
665 2243 768 2320 unde,
791 2243 910 2307 habito
924 2251 1076 2307 tractatu
1094 2242 1291 2306 detestabili

343 2361 447 2425 super
469 2343 666 2424 praemissis,
696 2343 927 2424 promiserunt
949 2342 1088 2407 domino
1117 2361 1218 2424 papae
1244 2361 1290 2404 ex

343 2448 442 2523 parte
465 2442 557 2522 regis
572 2438 765 2522 Anglorum
789 2441 833 2504 ab
850 2443 1011 2506 universo
1026 2462 1133 2523 regno
1150 2438 1291 2522 Angliae

344 2549 380 2604 et
403 2540 582 2619 Hiberniae
610 2539 871 2605 decimationem
901 2543 1053 2605 omnium
1076 2560 1190 2604 rerum
1217 2559 1291 2603 mo-

343 2640 462 2703 bilium
496 2639 540 2702 ad
574 2658 735 2720 guerram
766 2659 864 2704 suam
895 2648 1016 2705 contra
1046 2642 1289 2722 imperatorem

344 2738 593 2816 sustinendam,
610 2746 650 2802 ut
666 2758 725 2802 eos
741 2739 778 2801 in
794 2739 888 2821 regis
906 2741 1083 2822 proposito
1100 2737 1291 2803 exaudiret.

344 2836 394 2901 At
410 2838 568 2902 dominus
588 2857 688 2920 papa,
704 2839 764 2920 qui
784 2839 944 2902 rebellem
969 2840 1210 2921 imperatorem
1232 2856 1291 2902 su·

344 2957 405 3018 per
423 2938 538 3001 omnia
560 2939 731 3002 aestuabat
748 2937 907 3022 dejicere,
925 2940 1032 3003 tantis
1054 2938 1290 3021 promissioni-

343 3038 409 3099 bus
423 3035 638 3100 exhilaratus
655 3037 805 3101 trahitur
821 3038 865 3101 ad
882 3057 1098 3116 consensum,
1116 3044 1151 3102 et
1168 3038 1291 3102 sedens

343 3135 379 3198 in
395 3136 599 3200 consistorio
614 3134 689 3201 haec
705 3156 783 3218 quac
799 3145 993 3219 sequuntur
1006 3139 1205 3221 proposuit3

414 3307 464 3372 De
479 3309 646 3374 cassatione
665 3310 798 3375 Walteri
814 3311 967 3391 malachi,
986 3311 1221 3379 cantuariense

770 3409 863 3475 electi.

177 3548 321 3638 meppea
393 3530 542 3613 ‘Nuper
564 3533 608 3597 ad
629 3533 839 3597 audientiam
860 3543 1012 3599 nostram
1030 3537 1188 3617 pervenit
1203 3537 1292 3603 elec-

177 3648 274 3737 capua
342 3631 393 3694 tio
416 3630 677 3696 Cantuariensis
701 3634 855 3697 ecclesiae
883 3634 926 3699 de
948 3636 1098 3718 quodam
1120 3637 1291 3702 monacho

176 3708 233 3738 Μ’
342 3729 501 3794 Waltero
530 3733 681 3810 nomine,
705 3740 741 3796 et
762 3741 948 3815 postquam
975 3735 1181 3814 audivimus,
1212 3757 1291 3819 quae

341 3848 404 3911 pro
425 3849 462 3893 se
484 3831 575 3893 idem
597 3831 786 3896 monachus
805 3839 840 3896 et
854 3852 917 3914 pro
939 3851 1003 3896 sua
1023 3834 1191 3900 electione
1211 3856 1292 3919 pro·

341 3930 481 4010 posuit;
503 3931 631 3994 auditis
657 3932 761 3994 etiam
789 3932 1040 4014 objectionibus
1060 3943 1096 3999 ct
1113 3936 1291 4017 exceptio·
1330 3961 1333 3966 ·

341 4028 443 4092 uibus
464 4031 702 4113 episcoporum
726 4027 879 4112 Angliac,
902 4039 973 4096 tarn
1000 4042 1122 4097 contra
1149 4035 1290 4100 electio-

340 4146 418 4190 nem
447 4129 640 4211 praefatam,
672 4148 776 4211 quam
807 4131 843 4194 in
874 4151 1056 4214 personam
1089 4133 1202 4212 electi,
1228 4155 1291 4218 per
