2864 4866
340 379 406 444 304
595 396 729 444 noonnr
754 395 800 440 nn
823 391 1029 441 wannovan

180 552 302 591 ΛΜΨ·
342 548 428 624 fide,
439 555 475 610 ut
491 546 687 610 concedatis
708 544 929 626 magnatibus
950 544 1026 609 istis
1049 544 1206 611 inducias
1226 568 1287 630 pe·

342 648 447 724 titas3
471 666 561 710 uxor
581 645 671 709 enim
692 663 768 708 mea
789 663 887 707 soror
908 651 961 707 est
978 645 1102 708 nobilis
1118 647 1184 710 viri
1206 647 1285 711 Hu-

341 746 440 827 gonis
464 746 506 809 de
525 745 681 820 Lasceio,
704 744 794 807 unde
818 763 886 806 non
912 764 1051 825 possum
1071 745 1106 809 in
1127 747 1285 827 praelium

340 853 462 910 contra
486 846 598 928 ipsum
616 851 728 908 tecum
753 844 815 919 ire,
837 863 914 906 cum
938 864 1007 926 quo
1029 845 1182 909 consisto
1204 866 1286 910 con-

341 943 552 1009 foederatus!
602 941 658 1006 Ad
675 961 776 1024 quem
801 942 1041 1020 MarescalluS,
1064 944 1144 1020 ‘05
1160 945 1285 1028 inquit,

341 1046 525 1128 ‘proditor
540 1042 760 1125 nequissime,
782 1062 896 1105 nonne
918 1043 1020 1107 modo
1044 1043 1214 1125 denegavi
1236 1047 1286 1110 eis

340 1145 508 1222 inducias,
534 1149 654 1208 contra
675 1141 890 1205 voluntatem
916 1161 1038 1220 meam,
1062 1163 1124 1224 per
1147 1146 1285 1209 consili-

340 1265 399 1308 um
414 1246 536 1308 tuumi
588 1241 823 1305 Inconstantis
849 1241 997 1306 hominis
1019 1249 1111 1306 esset
1126 1250 1199 1307 tam
1214 1245 1283 1310 cito

340 1344 538 1420 concedere,
556 1341 648 1425 quod
665 1339 767 1404 modo
783 1340 833 1405 eis
851 1343 988 1422 negavi,
1011 1342 1093 1423 quia
1114 1343 1148 1405 id
1172 1346 1284 1425 magis

339 1436 480 1507 timorc¹
521 1443 634 1506 facere
669 1439 815 1517 viderer,
848 1460 953 1521 quam
995 1460 1122 1505 amore.
1203 1443 1283 1509 Scio

340 1543 442 1619 enim,
457 1542 549 1624 quod
566 1539 730 1604 hodierno
746 1540 802 1603 die
819 1541 921 1604 morti
937 1540 1085 1604 traditus
1101 1561 1197 1620 sum3
1222 1545 1281 1607 sed

340 1642 461 1706 melius
480 1648 533 1705 est
546 1639 629 1704 mihi
650 1639 736 1702 mori
755 1659 832 1702 cum
853 1639 982 1703 honore
1002 1661 1065 1723 pro
1089 1660 1196 1704 causa
1206 1641 1284 1725 jus-

339 1741 438 1818 titiae,
456 1760 558 1824 quam
580 1758 737 1820 campum
754 1739 949 1822 perfugam
972 1740 1128 1804 deserere
1151 1749 1186 1804 et
1202 1762 1281 1825 pro-

338 1843 402 1905 bra
415 1841 546 1905 militiae
561 1840 597 1903 in
610 1845 814 1921 perpetuum
828 1839 1004 1903 obtinere.'
1036 1839 1083 1903 Et
1096 1841 1283 1922 respiciens

338 1941 533 2005 Walterum
564 1939 703 2001 fratrem
736 1956 849 2014 suum,
874 1937 1038 2019 juvenem
1065 1939 1282 2020 elegantissi-

338 2061 443 2117 mum,
460 2039 549 2103 dixit
566 2036 769 2120 quibusdam
794 2037 960 2102 ministris
976 2039 1060 2114 suis,
1084 2038 1282 2105 ‘Adducite

338 2140 478 2203 fratrem
494 2137 630 2215 meum,'
643 2137 768 2218 inquit,
779 2136 840 2199 ‘ad
852 2138 1032 2201 castellum
1049 2158 1173 2216 meum,
1188 2141 1280 2222 quod

338 2259 445 2322 prope
462 2245 527 2315 est,
545 2257 607 2300 nec
627 2238 663 2299 in
679 2235 743 2301 boc
764 2237 950 2301 certamine
969 2246 1088 2319 pereat
1105 2258 1205 2302 omne
1221 2261 1281 2321 ge·

339 2359 404 2403 nus
419 2358 532 2402 meum
548 2357 556 2415 ;
580 2336 662 2418 quia
676 2335 711 2398 in
729 2334 804 2418 ejus
820 2337 992 2417 probitate
1012 2338 1159 2415 confido,
1175 2339 1205 2401 si
1220 2358 1282 2402 an·

338 2458 401 2503 nos
415 2435 849 2520 exspectaveritlegitimos
861 2442 1001 2499 strenue
1012 2437 1170 2500 militiam
1182 2458 1281 2503 exer·

338 2537 460 2600 cendi?
505 2535 797 2599 Proceresautcm
811 2533 1002 2611 Hiberniae,
1012 2535 1191 2600 audaciam
1202 2537 1282 2601 Ma-

337 2636 474 2700 rescalli
486 2655 526 2698 ac
538 2635 745 2717 probitatem
760 2639 964 2711 metuentes,
976 2654 1071 2698 arma
1084 2654 1149 2698 sua
1161 2636 1282 2700 militi·

336 2736 401 2798 bus
416 2734 609 2798 fortissimis
628 2732 841 2796 tradiderant
855 2739 890 2796 et
905 2734 1043 2814 ignotis,
1057 2754 1143 2816 quos
1158 2735 1201 2798 ad
1216 2735 1280 2800 boc

336 2834 585 2910 conduxerant,
601 2839 640 2896 ut
654 2831 861 2913 perimerent
874 2833 1111 2910 innocentem
1135 2835 1186 2898 sic
1203 2854 1280 2899 eum

335 2934 490 3000 occidere
504 2932 693 3015 cupientes
710 2939 750 2995 ut
765 2950 834 2995 non
850 2932 1015 2995 occidisse
1028 2933 1237 2998 viderentur.

421 3106 469 3169 Dc
477 3105 589 3190 pratia
603 3094 768 3190 campestri
784 3106 819 3170 in
834 3128 891 3191 quo
906 3118 1015 3192 ruptus
1022 3106 1095 3191 fuit
1109 3129 1202 3172 comcs

700 3204 874 3269 Murcocull
910 3254 917 3269 .

175 3329 323 3420 ppzffiann
387 3327 511 3392 Comes
539 3347 621 3392 vero
650 3328 878 3392 Marescallus
901 3329 1018 3395 hostes
1040 3330 1167 3412 multos
1190 3333 1281 3397 acie-

176 3430 249 3469 wssr·
337 3428 401 3491 bus
423 3427 599 3509 dispositis
622 3434 743 3492 contra
764 3447 893 3510 paucos
916 3429 1033 3492 venire
1059 3431 1281 3495 considerans

337 3526 495 3591 hortatur
512 3545 594 3590 suos
616 3527 659 3589 ad
683 3546 848 3608 pugnam,
870 3548 973 3610 quam
996 3548 1059 3610 pro
1082 3549 1187 3593 causa
1205 3531 1282 3614 jus-

337 3625 422 3689 titiae
445 3632 481 3688 et
494 3625 628 3706 legibus
645 3624 849 3706 Anglicanae
870 3628 984 3708 gentis
1008 3635 1042 3691 et
1060 3631 1282 3710 oppressione

338 3723 594 3788 Pictavensium
613 3733 859 3806 assumpserat,
877 3745 1021 3807 sperans
1046 3727 1172 3792 habere
1198 3729 1280 3793 fide·
1317 3738 1321 3745 ’

336 3823 399 3899 les,
420 3842 511 3903 quos·
530 3823 651 3886 habuit
668 3825 873 3905 proditores.
935 3825 978 3888 In
1002 3826 1151 3890 medium
1171 3828 1281 3893 hosti·

336 3940 394 3984 um
418 3922 582 3985 audacter
603 3923 772 4004 prorupit,
789 3931 836 3999 ct,
854 3925 993 3988 aciebus
1016 3945 1134 3990 eorum
1156 3934 1281 4009 poten·

336 4027 388 4083 ter
409 4022 609 4102 penetratis,
633 4022 799 4086 militibus
821 4023 893 4086 suis
911 4025 1002 4087 viam
1017 4026 1108 4089 ferro
1131 4029 1281 4109 aperuit,

581 4215 586 4247 ¹
599 4219 715 4282 Timore]
732 4220 852 4270 ‘Timore
863 4221 924 4270 hoc'
939 4222 965 4270 in
979 4223 1035 4271 MS.
