2864 4866
382 378 523 459 anonas
547 409 817 459 nrsroarnaun.
1006 394 1074 459 255

123 566 252 632 ballivo
277 567 460 645 libertatis,
482 569 541 631 ubi
565 568 692 652 aliquis
719 568 913 633 libertatem
940 568 1070 632 babue·
1086 584 1209 624 noma.

124 669 181 745 rit,
215 668 359 744 scilicet,
389 668 481 751 quod
511 670 597 733 baro
625 669 680 733 vel
712 668 871 733 dominus
902 669 1072 733 libertatis

122 767 206 833 velit
229 775 265 835 et
284 768 394 852 possit
415 769 616 850 praedictam
646 770 947 852 quadragesimam
973 770 1071 834 colli·

122 887 204 949 gere
225 876 261 934 et
276 889 337 952 pro
360 889 402 933 ea
423 869 582 933 habenda
603 868 833 952 distringer03
857 871 887 934 si
902 889 984 934 vero
1002 890 1071 935 non

122 969 218 1046 velit,
244 970 297 1035 vel
327 989 396 1034 non
425 970 544 1053 possit,
572 970 793 1034 vicecomites
820 970 1072 1036 districtionem
1176 1042 1178 1046 ,

122 1067 253 1135 iaciant
274 1070 488 1152 praedictam‚
510 1070 561 1134 ita
588 1071 682 1153 quod
709 1070 758 1133 nil
784 1071 864 1135 inde
891 1071 1071 1154 recipiant,

122 1169 182 1233 sed
205 1176 280 1234 tota
302 1169 569 1252 quadragesima
594 1169 761 1251 praedicta
784 1171 958 1254 praedictis
985 1171 1072 1235 mili·

123 1269 216 1333 tibus
239 1269 472 1335 assessoribus
494 1269 659 1334 liberetur
679 1270 716 1333 in
737 1271 861 1354 majori
887 1277 922 1334 et
945 1272 1072 1335 securi·

123 1368 175 1432 ori
194 1369 279 1433 villa
298 1369 514 1450 singulorum
536 1368 775 1434 comitatuum.
807 1419 810 1426 .
828 1371 875 1436 Et
894 1371 936 1434 de
960 1371 1070 1453 quali·

124 1470 182 1536 bet
199 1470 284 1535 villa
301 1469 363 1533 fiat
378 1487 513 1533 summa
528 1469 627 1533 tallia
651 1470 742 1534 inter
761 1471 988 1534 senescallum
1010 1472 1071 1535 ba·

124 1568 231 1647 ronis,
251 1569 307 1634 vel
334 1569 409 1654 ejus
440 1577 669 1647 alternatum,
691 1571 747 1635 vel
776 1570 984 1636 senescallus
1010 1571 1071 1635 do·

124 1670 209 1735 mini
222 1671 407 1748 libertatis,
420 1676 456 1735 et
469 1669 654 1753 praedictos
666 1689 869 1735 assessores.
911 1672 958 1735 Et
968 1672 1073 1756 depo·

124 1777 228 1834 natur
253 1771 402 1852 pecunia
426 1779 489 1855 per
512 1770 651 1835 eosdem
679 1790 872 1836 assessores
897 1771 933 1835 in
956 1771 1072 1854 aliquo
1142 1849 1143 1852 Ἴ

124 1871 201 1936 loco
225 1872 345 1937 tutiori
373 1870 528 1954 ejusdem
550 1870 656 1947 villae,
684 1872 736 1935 ita
762 1871 854 1954 quod
880 1889 1072 1937 assessores

125 1971 276 2037 habeant
288 1970 405 2053 sigilla
426 1989 490 2035 sua
507 1976 655 2035 etseras
675 1979 710 2035 et
727 1971 843 2035 claves
865 1991 948 2035 suas
969 1991 1074 2054 super

124 2072 305 2154 pecuniam
324 2069 539 2153 praedictam,
557 2078 593 2135 et
609 2071 827 2137 vicecomites
849 2070 1008 2136 similiter
1024 2072 1072 2135 si-

124 2171 209 2253 gilla
221 2190 290 2254 sua
305 2178 341 2237 et
357 2191 452 2236 seras
473 2179 509 2237 et
525 2170 642 2236 claves
666 2190 759 2237 suas.
803 2172 850 2235 Et
867 2191 1071 2248 assessores,

124 2273 244 2337 statim
276 2291 320 2337 ax
351 2291 420 2354 quo
445 2270 712 2354 quadragesima
740 2271 852 2336 assisa
879 2271 989 2337 fuerit·
1011 2293 1073 2354 per

88 2374 91 2379 ’
124 2372 230 2454 ipsos,
242 2373 385 2437 mittant
400 2372 533 2437 rotulos
549 2391 631 2436 suos
648 2372 694 2436 ad
710 2372 921 2438 scaccarium
937 2372 981 2436 de
998 2379 1072 2440 toto

124 2471 246 2537 itinere
272 2491 359 2550 suo;
391 2477 427 2535 et
448 2470 619 2549 similiter,
640 2492 686 2537 ex
710 2492 780 2555 quo
806 2473 900 2537 dicta
924 2473 1073 2554 pecunia
1196 2464 1198 2470 ’

125 2572 169 2637 ab
199 2571 249 2637 eis
275 2571 422 2637 collecta
445 2571 562 2648 fuerit,
590 2572 731 2637 mittant
755 2572 887 2637 rotulos
915 2593 997 2638 suos
1028 2574 1072 2637 ad

124 2673 336 2739 scaccarium
356 2672 399 2736 de
423 2678 564 2755 recepta
584 2691 660 2750 sua,
684 2680 720 2737 et
735 2673 903 2754 praedicta
925 2675 1074 2756 pecunia

125 2780 321 2839 reservetur
346 2773 383 2837 in
408 2772 494 2837 locis
518 2772 578 2836 ubi
605 2772 765 2854 deposita
789 2773 866 2850 fuit,
891 2773 999 2837 donec
1028 2773 1093 2858 ad,

124 2874 326 2939 mandatum
350 2879 506 2938 nostrum
533 2871 709 2937 deferatur
731 2893 840 2954 usque
863 2872 908 2936 ad
933 2873 1073 2941 Novum

125 2974 307 3057 Templum
332 2972 602 3039 Londoniarum.
657 2972 756 3037 Nihil
780 2981 896 3036 autem
917 2973 1074 3054 capietur

125 3074 301 3157 abaliquo
318 3073 455 3139 bomine
476 3074 613 3138 nomine
626 3072 913 3156 quadragesimae,
929 3074 990 3156 qui
1004 3094 1072 3137 non

124 3174 285 3241 habuerit
300 3174 343 3239 de
361 3172 558 3258 hujusmodi
577 3174 676 3238 bonis
696 3173 879 3237 mobilibus
897 3173 942 3237 ad
957 3174 1074 3238 valen-

125 3275 208 3343 tiam
239 3274 474 3358 quadraginta
504 3273 723 3340 denariorum
756 3273 800 3337 ad
830 3273 952 3337 minus.
1016 3274 1073 3339 Ad

124 3375 326 3458 praedictam
370 3373 540 3459 siquidem
576 3374 877 3457 quadragesimam
919 3373 1073 3438 assiden-

125 3475 205 3541 dam
229 3476 265 3539 in
287 3474 455 3539 comitatu
481 3472 694 3538 Hertfordiae
722 3473 976 3556 assignavimus
998 3493 1074 3552 voS,

124 3583 160 3641 et
181 3575 421 3640 mandavimus
444 3574 637 3640 vicecomiti
663 3579 783 3637 nostro
806 3573 849 3636 de
871 3572 1092 3652 Hertforde,

124 3677 217 3760 qnod
241 3675 397 3758 singulas
422 3674 563 3739 villatas
586 3675 771 3739 comitatus
795 3673 850 3736 sui
874 3673 977 3737 certis
1001 3674 1073 3738 die·

122 3779 187 3842 bus
213 3783 248 3841 et
269 3775 368 3851 locis,
391 3795 479 3858 quos
509 3775 542 3839 ei
570 3774 658 3839 scira
682 3773 829 3851 facietis
859 3774 903 3837 ad
932 3774 1074 3839 manda-

124 3884 198 3941 tum
228 3881 384 3940 nostrum
415 3895 531 3939 coram
559 3873 657 3940 vobis
685 3875 803 3940 venire
831 3873 948 3949 faciat,
978 3882 1014 3939 et
1037 3876 1073 3938 in

123 3977 296 4053 omnibus,
324 3994 404 4059 quaa
433 3975 477 4039 ad
513 3975 642 4038 dictum
680 3974 859 4057 negotium
889 3973 1075 4056 pertinent,

124 4079 224 4144 vobis
242 4075 424 4142 intendant
440 4082 477 4139 et
492 4075 667 4139 obediant.
719 4075 870 4140 Valete.’
