2864 4866
350 385 395 448 72
605 399 739 447 noonru
763 400 810 447 on
834 399 1041 448 wunnovrn

192 572 315 614 A-⁰·¹2²¹·
353 560 485 637 tellum,
513 559 604 642 quod
635 553 745 623 ¹Buet
767 557 974 641 appellatur,
999 556 1158 634 obsedit;
1193 555 1303 638 Regi·

354 660 477 724 ualdus
499 679 638 742 quoque
660 660 703 722 de
732 659 893 735 Brausia,
916 656 1015 741 cujus
1046 657 1132 720 illud
1155 656 1302 720 munici-

354 761 449 844 pium
471 766 558 837 erat,
575 760 668 840 regis
685 764 887 823 constanter
904 757 1103 840 imploravit
1120 756 1303 835 auxilium,

354 868 394 924 ut
410 880 472 943 per
494 879 584 936 eum,
606 860 779 941 cumipse
801 858 845 922 ad
867 857 932 921 hoc
951 878 1019 921 non
1043 854 1226 934 sufficeret,
1242 857 1304 920 ob-

356 958 444 1024 sidio
467 959 671 1024 solveretur.
724 958 805 1023 Rex
829 963 958 1035 autem,
981 957 1137 1041 quisuis
1159 976 1305 1039 magna·

355 1060 449 1125 tibus
480 1058 599 1124 deesse
625 1078 694 1122 non
725 1057 855 1135 debuit,
883 1076 961 1121 cum
991 1056 1145 1120 exercitu
1176 1075 1305 1136 magno

356 1159 439 1223 illuc
460 1159 618 1237 tendens,
639 1157 853 1240 fugientibus
878 1177 923 1220 ex
945 1176 1040 1221 more
1058 1154 1305 1234 Wallensibus‚

357 1259 568 1323 obsidionem
593 1259 732 1323 amovit.
784 1256 884 1320 Tunc
908 1276 971 1319 rex
987 1275 1109 1320 versus
1134 1254 1306 1320 Montem-

358 1357 579 1422 Gomericum
602 1357 744 1422 tendens
769 1375 847 1421 cum
876 1357 1030 1422 exercitu
1057 1374 1133 1434 suo,
1155 1374 1306 1439 quaeque

359 1458 425 1521 sibi
457 1459 561 1522 obvia
590 1457 633 1520 de
665 1457 767 1520 rebus
800 1455 1042 1533 Wallensium,
1073 1456 1110 1519 in
1140 1455 1305 1519 armentis

360 1576 533 1640 pecorum,
561 1576 639 1620 cum
670 1555 790 1640 spoliis
820 1555 994 1619 damnosis
1026 1555 1157 1632 multis,
1186 1574 1306 1620 secum

360 1656 404 1720 ad
427 1657 713 1720 sustentationem
743 1675 882 1719 suorum
911 1653 1100 1719 conducere
1127 1655 1305 1738 praecepit.

360 1755 495 1820 Deinde
523 1776 601 1821 cum
632 1754 676 1819 ad
706 1754 1101 1820 Mentem-Gomericum
1130 1755 1308 1837 pervenis-

360 1863 415 1920 set
441 1863 476 1920 et
504 1857 582 1920 loca
611 1854 673 1919 illa
704 1855 865 1938 vagando
899 1855 1155 1937 perlustrasset,
1184 1854 1308 1938 depre-

359 1955 551 2020 henderunt
568 1955 806 2038 prudentiores
823 1956 997 2019 exercitus
1013 1955 1126 2018 locum
1142 1953 1306 2019 idoneum

360 2055 404 2120 ad
432 2056 611 2120 castellum
645 2055 904 2132 exstruendum,
930 2054 1029 2136 cujus
1058 2053 1145 2118 situs
1173 2055 1309 2118 eunctis

360 2154 641 2238 inexpugnabilis
666 2153 857 2219 videbatur.
908 2153 1022 2217 lussit
1039 2154 1157 2236 itaque
1178 2173 1241 2217 rex
1263 2154 1308 2218 ad

361 2256 582 2319 securitatem
608 2254 759 2335 regionis
786 2253 890 2330 illius,
917 2260 1058 2336 propter
1084 2254 1309 2317 creberrimas

361 2354 590 2418 Wallensium
622 2353 842 2435 irruptiones,
874 2354 1001 2417 ibidem
1034 2353 1214 2416 castellum
1249 2352 1309 2416 fir·
1384 2432 1387 2437 Α

360 2455 470 2532 mari3
498 2453 601 2517 etita
626 2453 767 2534 singuli,
792 2459 936 2535 accepta
961 2452 1109 2530 licentia,
1135 2445 1197 2515 ²ad
1229 2472 1310 2535 pro·

361 2555 437 2635 pria
458 2559 665 2623 remearunt,
692 2553 863 2616 concessis
891 2553 1111 2632 magnatibus
1135 2551 1178 2616 de
1200 2553 1310 2634 quoli-

361 2653 420 2716 bet
434 2659 534 2715 scuto
554 2651 642 2715 duas
662 2670 797 2716 marcas
819 2651 965 2732 argenti.

412 2825 461 2889 Dc
477 2835 560 2892 stetu
578 2837 666 2893 terrae
680 2836 792 2894 sauctae
799 2837 872 2914 poet
888 2828 1056 2914 captionem
1071 2827 1222 2892 Damictae
1233 2838 1262 2894 et

752 2928 920 3013 Topdoeos.

202 3065 274 3105 notter
285 3064 340 3105 from
414 3050 501 3133 [Per
518 3051 608 3115 idem
624 3058 761 3134 tempus
780 3052 959 3116 mandavit
978 3052 1144 3133 magister
1162 3051 1310 3115 militum

202 3116 241 3155 the
249 3118 328 3154 masur

203 3166 269 3204 orbe
362 3149 498 3233 Templi
514 3151 647 3215 literam
662 3171 740 3234 quae
757 3152 914 3234 sequitur
928 3152 970 3215 de
984 3159 1078 3215 statu
1093 3160 1194 3215 terrae
1209 3171 1309 3216 sanc-

204 3215 257 3254 Tem
272 3215 292 3254 le
300 3225 327 3253 on

203 3227 319 3354 {1¹52}ssss
328 3264 351 3304 of
364 3256 409 3313 tae
419 3251 448 3330 3]
473 3250 612 3315 ‘Fratri
630 3252 664 3314 in
683 3250 822 3316 Christo
839 3251 1026 3315 reverendo
1043 3250 1103 3327 Ν.,
1118 3251 1184 3313 Dei
1198 3253 1313 3330 gratia

365 3349 588 3414 Elimenensi
603 3353 776 3433 episcopo,
805 3350 914 3415 frater
941 3350 1066 3413 Petrus
1095 3350 1137 3413 de
1172 3348 1311 3416 Monte-

364 3457 479 3525 acuto‚
497 3451 662 3531 magister
678 3451 824 3515 militum
843 3450 991 3532 Templi,
1009 3449 1167 3513 salutem.
1214 3449 1312 3528 Quo-

364 3547 467 3611 modo
502 3557 617 3613 autem
649 3551 686 3612 in
725 3550 864 3630 negotio
901 3549 1042 3613 Domini
1081 3549 1191 3612 nostri
1223 3549 1246 3612 J
1249 3568 1312 3614 esu

367 3645 497 3710 Christi
517 3655 596 3729 post
613 3649 808 3731 captionem
827 3649 997 3712 Damietae
1020 3655 1055 3711 et
1072 3649 1176 3712 castri
1193 3648 1312 3731 'l'aplr-

401 3820 409 3852 ¹
420 3823 506 3886 Burt]
525 3823 826 3887 Builth,orL1entair,in
852 3823 907 3871 that
918 3838 934 3872 a
944 3829 1014 3872 truce
1031 3836 1086 3870 was
1102 3837 1161 3870 now
1172 3824 1315 3873 concluded

365 3892 472 3942 Brecou.
851 3893 937 3942 before
953 3893 995 3941 the
1015 3892 1079 3954 king
1098 3893 1148 3941 end
1166 3893 1313 3958 Pandulph‚

851 3967 878 4011 at
904 3963 1081 4024 Sbrewsbury,
1110 3963 1224 4012 between
1255 3964 1314 4014 Lle·

400 4022 462 4074 ²Ad
482 4027 581 4090 propria
602 4032 747 4077 remearant.
761 4028 772 4091 ]
801 4029 827 4078 It
851 4033 945 4095 wellyn
957 4034 1006 4082 and
1015 4033 1057 4082 the
1068 4032 1121 4081 carl
1133 4031 1162 4080 ol'
1171 4034 1314 4084 Pembroke

365 4110 473 4157 appears
490 4097 551 4145 from
569 4112 585 4146 a
601 4097 701 4146 charter
725 4099 826 4159 printed
851 4103 901 4151 aud
935 4101 1061 4165 Reginald
1087 4103 1120 4151 de
1149 4104 1263 4165 Breose;
1287 4120 1314 4167 p.

363 4165 390 4213 iu
415 4166 509 4227 llymer
534 4182 603 4229 upon
629 4169 663 4217 its
685 4169 825 4232 extensior,
852 4177 908 4223 166.
