2864 4866
196 585 250 627 Ab.
262 585 317 624 1220.

355 397 420 461 134
610 410 745 458 noenrn
770 410 816 456 nn
841 408 1047 457 wnunovna

356 572 420 635 bus
443 569 568 634 ceratis
591 571 763 652 coriisque
788 569 934 633 taurinis
954 568 1136 653 jusserunt
1155 568 1307 647 involvi3

358 678 393 735 et
414 672 464 735 sic
496 672 634 752 legatus
662 690 740 735 cum
767 669 921 753 praelatis
951 669 993 732 ad
1017 669 1230 732 obsidionem
1254 688 1307 731 re-

357 790 479 837 versus
509 779 575 849 est,
604 791 748 855 corpore
782 771 874 852 regis
905 771 941 833 in
974 770 1114 833 abbatia
1143 771 1207 832 snb
1230 776 1309 833 tuta

359 871 517 937 custodia
539 873 716 955 deputato.
771 869 859 934 Cum
880 871 987 952 igitur
1010 870 1153 935 vidisset
1172 870 1309 951 legatus

361 973 452 1056 quod
475 972 561 1036 nihil
587 973 624 1036 in
646 971 825 1036 obsidione
848 970 1087 1053 proficiebant,
1112 969 1172 1034 sed
1195 969 1309 1033 diver-

361 1073 409 1137 sis
436 1072 661 1137 incommodis
686 1090 828 1155 prorsus
856 1071 1072 1149 deficiebant,
1095 1071 1138 1134 de
1163 1070 1309 1134 consilio

362 1174 543 1258 majorum,
563 1174 623 1256 qui
645 1179 746 1237 erant
762 1173 798 1235 in
821 1172 956 1250 castris,
974 1172 1149 1236 nuntiavit
1165 1171 1201 1235 in
1224 1171 1310 1235 civi-

362 1282 483 1353 tatem,
511 1273 699 1338 instantius
724 1280 858 1356 petens,
881 1278 1066 1355 quatenus,
1093 1278 1237 1354 accepta
1259 1291 1313 1335 se-

363 1376 511 1440 curitate
542 1373 687 1457 pacifice
720 1373 879 1438 veniendi
904 1379 940 1437 et
962 1372 1168 1450 revertendi,
1195 1372 1311 1436 mitte-

363 1481 441 1539 rent
458 1475 637 1540 duodecim
660 1495 705 1538 ex
721 1473 910 1557 majoribus
927 1473 1079 1538 civitatis
1099 1473 1144 1536 ad
1158 1473 1313 1554 legatum

364 1582 400 1639 et
415 1576 571 1640 venirent
587 1576 794 1658 quantocius
812 1574 854 1638 de
871 1591 957 1657 pace
974 1582 1008 1638 et
1023 1573 1206 1638 concordia
1222 1580 1312 1637 trac-

364 1675 483 1739 taturi.

368 1849 458 1924 Quod
474 1849 586 1914 civitas
601 1848 768 1913 Atintanis
782 1871 803 1912 a
817 1848 956 1914 Francis
970 1848 1123 1914 doloresit
1139 1846 1315 1933 sabjupctc.

204 1994 249 2032 rue
258 1994 313 2031 town
323 1991 347 2029 or
417 1976 521 2039 Datis
540 1976 649 2056 igitur
672 1975 714 2038 de
735 1975 921 2038 securitate
942 1973 1130 2051 obsidibus,
1149 1980 1318 2037 venerunt

204 2044 303 2092 Arignon

203 2095 268 2132 taken
277 2093 304 2140 by

204 2143 320 2191 treachery.

366 2074 411 2139 ad
432 2075 639 2158 colloquium
660 2075 768 2157 legati
787 2075 881 2139 cives
900 2074 1092 2152 duodecim,
1107 2080 1142 2137 et
1159 2074 1202 2137 de
1219 2075 1316 2156 pacis

367 2176 478 2240 forma
500 2175 631 2239 diutius
654 2181 857 2250 tractantes
880 2175 1053 2257 persuasit
1068 2174 1201 2237 civibus
1224 2174 1317 2255 lega·

368 2282 425 2339 tus
447 2281 649 2340 constanter
662 2282 702 2338 ut
717 2294 755 2339 se
776 2273 968 2352 redderent,
987 2275 1094 2338 salvis
1112 2274 1177 2338 sibi
1194 2281 1229 2338 et
1244 2275 1317 2338 suis

368 2377 527 2440 omnibus
542 2375 817 2458 possessionibus
835 2382 870 2439 et
888 2377 989 2438 rebus
1006 2395 1082 2439 cum
1100 2374 1318 2438 libertatibus

370 2476 554 2552 universis,
576 2476 666 2540 sicut
687 2474 855 2539 hactenus
884 2476 1008 2539 melius
1037 2481 1072 2538 et
1094 2474 1235 2538 liberius
1258 2475 1320 2538 ha-

370 2577 531 2640 buerunt.
584 2574 642 2639 Ad
663 2575 737 2640 haec
758 2577 850 2640 cives
875 2575 1121 2659 respondentes
1144 2575 1321 2653 dixerunt,

372 2676 463 2758 quod
488 2676 583 2740 nullo
606 2676 708 2740 modo
729 2695 767 2739 se
783 2676 977 2753 redderent,
996 2682 1035 2739 ut
1058 2677 1122 2739 sub
1144 2682 1320 2758 potestate

371 2777 530 2841 viverent
554 2776 781 2852 Francorum,
804 2796 951 2867 quorum
979 2776 1155 2840 multoties
1185 2777 1320 2859 experti

371 2875 510 2941 fuerant
523 2877 719 2959 superbiam
736 2883 771 2940 et
785 2877 979 2941 insolentiae
995 2875 1179 2941 feritatem.
1225 2876 1321 2940 Tan·

372 2977 449 3040 dem
477 2984 558 3060 post
574 2978 702 3041 multas
728 2977 808 3040 hinc
835 2977 915 3041 inde
942 2976 1210 3059 disceptationes
1231 2978 1320 3059 peti·

372 3078 424 3141 vit
450 3077 600 3158 legatus,
629 3084 670 3141 ut
691 3096 769 3140 cum
796 3077 951 3160 praelatis
980 3078 1040 3160 qui
1073 3076 1218 3141 aderant
1240 3097 1320 3160 pos·

372 3184 426 3241 set
454 3177 591 3259 ingredi
621 3178 809 3255 civitatem,
835 3185 875 3241 ut
903 3178 1003 3241 fidem
1034 3179 1196 3260 probaret
1219 3178 1256 3241 in
1279 3197 1321 3241 ea
1387 3246 1389 3250 ,

372 3277 615 3355 habitantium,
643 3277 816 3341 affirmans
845 3298 923 3341 cum
949 3277 1159 3361 juramento,
1186 3297 1224 3342 se
1251 3298 1319 3342 non

373 3379 417 3442 ob
446 3378 540 3447 aliud
570 3378 782 3441 obsidionem
811 3378 1036 3461 protraxisse,
1065 3377 1132 3440 nisi
1160 3385 1200 3442 ut
1226 3379 1320 3442 salu-

373 3485 442 3542 tem
473 3484 645 3560 quaereret
673 3478 891 3560 animarum3
924 3477 1057 3542 addidit
1083 3477 1201 3556 etiam,
1228 3480 1320 3562 quod

373 3577 503 3642 clamor
530 3576 757 3654 infidelitatis
779 3579 917 3660 quaein
939 3579 1025 3642 urbe
1047 3578 1254 3655 invaluerat,
1277 3579 1322 3642 ad

372 3695 499 3759 papam
530 3676 698 3753 ascendit,
726 3677 818 3742 unde
848 3679 936 3743 scire
966 3677 1185 3742 desiderabat
1206 3686 1322 3743 utrum

373 3774 557 3840 clamorem
575 3796 680 3859 opere
697 3778 975 3861 complevissent.
1022 3772 1137 3842 ¹Tunc
1155 3780 1248 3844 cives
1265 3799 1324 3844 sn-

410 3952 419 3984 ¹
434 3956 500 4009 Tunc
511 3951 596 4026 cirea]
613 3956 669 4006 The
680 3957 778 4007 French
789 3957 842 4007 his·
866 3959 964 4009 Annale
977 3961 998 4008 it
1013 3960 1035 4007 is
1058 3960 1125 4022 said,
1140 3960 1249 4022 ‘Legati
1264 3975 1325 4021 apo·

375 4026 470 4074 torians
481 4041 524 4076 aro
535 4028 610 4076 silent
622 4043 650 4077 as
660 4033 686 4077 to
694 4028 736 4077 the
744 4028 841 4077 treacb-
865 4031 946 4079 stolici
969 4029 1128 4079 tradiderunt
1149 4032 1238 4080 urbem
1259 4046 1325 4094 prae-

376 4110 420 4156 ery
432 4098 544 4145 asserted
561 4098 587 4147 iu
604 4098 647 4147 the
664 4102 719 4147 text
733 4103 759 4146 to
775 4098 840 4147 have
863 4099 932 4149 dieto
942 4101 996 4162 regi
1003 4093 1024 4163 ;’
1041 4114 1068 4161 p.
1080 4103 1137 4150 19⁰.

376 4166 440 4215 been
453 4168 595 4230 promised,
613 4170 639 4217 in
652 4167 694 4217 the
705 4169 839 4230 Waverley
