2864 4866
323 397 388 464 188
577 415 711 463 aoonru
736 415 783 462 nn
806 413 1011 464 wuuoovnn

162 587 285 628 sulm·
324 581 394 638 tam
421 594 467 638 ex
490 573 636 638 fratrum
665 582 873 651 nostrorum,
895 574 955 657 qui
977 593 1055 637 eum
1085 572 1121 634 in
1144 570 1272 635 scholis

325 682 507 751 noverunt,
535 694 640 756 quam
671 693 715 738 ex
746 673 993 738 venerabilium
1021 673 1166 736 fratrum
1195 690 1272 734 nos-

324 781 455 837 trorum
487 773 661 838 Roffensis
693 781 728 837 et
756 772 1002 837 Coventrensis
1032 772 1272 854 episcoporum

325 881 360 937 et
378 874 523 938 aliorum
549 873 699 956 plurium
722 872 935 949 testimonio,
957 873 1068 936 virum
1093 871 1273 934 didicimus

325 973 505 1037 eminentis
543 973 746 1050 literaturae,
788 971 1061 1037 conversationis
1105 971 1273 1047 honestae,

325 1072 426 1136 famae
463 1073 706 1155 integerrimae,
745 1071 1044 1136 excellentissimae
1080 1070 1273 1146 industriae,

324 1171 510 1235 zelatorem
541 1173 733 1235 animarum
764 1178 799 1235 et
820 1170 1064 1263 ecclesiasticae
1088 1170 1271 1246 libertatis,

325 1270 584 1335 Cantuariensis
619 1271 785 1348 ecclesiae,
816 1271 859 1334 de
894 1270 1039 1333 fratrum
1075 1277 1271 1333 nostrorum

325 1371 481 1449 consilio,
512 1372 739 1454 praesentibus
767 1370 921 1452 praefatis
952 1370 1134 1451 episcopis
1158 1369 1272 1450 praefi·

324 1470 434 1533 cimus
469 1471 505 1534 in
535 1470 830 1553 archiepiscopum
867 1477 902 1533 et
932 1477 1117 1551 pastorem.
1175 1467 1272 1546 Qua·

324 1577 467 1652 propter
485 1569 736 1634 fraternitatem
758 1577 909 1634 vestram
938 1587 1116 1632 monemus
1144 1575 1180 1631 et
1196 1568 1273 1632 hor-

325 1675 451 1746 tamur,
469 1689 530 1752 per
551 1670 743 1751 apostolica
763 1670 893 1751 scripta
913 1668 1130 1745 mandanteS,
1153 1675 1275 1750 quate·

325 1782 405 1845 nuS,
421 1775 586 1852 tanquam
605 1769 761 1833 caritatis
783 1768 845 1831 filii
866 1774 902 1832 et
919 1767 1124 1845 devotionis,
1145 1768 1272 1851 ipsum,

326 1866 369 1930 ad
393 1867 555 1932 honorem
580 1868 824 1953 omnipotentis
851 1866 919 1931 Dei
942 1874 977 1931 et
996 1867 1197 1951 apostolicae
1220 1886 1274 1931 se-

325 1966 377 2030 dis
407 1974 442 2031 et
471 1967 732 2053 cantuariensis
763 1966 929 2044 ecclesiae,
958 1968 1161 2049 recipientes
1193 1985 1272 2029 cum

324 2065 519 2131 humilitate
542 2067 659 2131 debita
683 2075 718 2131 et
740 2065 924 2131 devotione
950 2067 1084 2130 sincera
1112 2065 1273 2129 intenda-

326 2166 370 2228 tis
392 2166 513 2243 eidem,
529 2174 564 2231 et
580 2174 746 2249 tanquam
766 2167 857 2249 patri
878 2174 913 2229 et
929 2166 1060 2247 pastori
1080 2165 1272 2228 animarum

327 2273 519 2329 vestrarum
539 2273 574 2329 et
591 2266 857 2348 metropolitano
873 2272 990 2329 vestro
1012 2264 1181 2329 obediatis
1209 2264 1273 2328 hu-

325 2366 452 2428 militer
483 2373 518 2430 et
543 2364 678 2428 devote.
730 2364 892 2429 Gaudere
916 2365 1052 2447 quidem
1081 2363 1213 2427 debetis
1235 2365 1270 2427 in

325 2463 488 2541 Domino,
516 2463 607 2547 quod
631 2464 725 2528 illius
752 2464 867 2545 gratia
891 2464 1126 2546 principaliter
1148 2483 1272 2548 coope-

326 2571 433 2638 rante,
466 2565 526 2647 qui
558 2563 759 2646 inspirando
793 2564 963 2644 praevenit
992 2571 1027 2627 et
1057 2559 1273 2647 ¹adjuvando

325 2664 556 2746 prosequitur,
585 2663 762 2746 provisum
792 2669 845 2726 est
870 2662 1089 2727 laudabiliter
1116 2663 1272 2728 ecclesiae

324 2762 489 2827 viduatae.
542 2762 660 2840 Data,'
677 2769 712 2826 et
729 2771 867 2826 caetera.

408 2934 561 3009 Quomodo
575 2943 661 3000 torro
675 2942 785 2999 sancto
800 2933 945 2999 restituto
961 2942 1004 2999 est
1020 2932 1188 3000 Frederico

702 3034 896 3119 imperatori.

161 3177 311 3266 'rosamo
375 3157 505 3223 Eodem
528 3180 619 3224 anno
639 3160 811 3224 Dominus
836 3168 955 3225 noster
976 3159 999 3224 J
1002 3179 1082 3224 esus
1100 3159 1271 3237 Christus,

161 3238 303 3326 uorynmu.⁰
325 3256 487 3323 Salvator
503 3266 537 3322 et
557 3261 709 3323 omnium
732 3260 937 3325 saeculorum
954 3257 1172 3335 Consolator,
1189 3259 1272 3322 visi·

325 3364 402 3420 tans
416 3357 681 3423 misericorditer
697 3358 831 3442 plebem
850 3377 962 3437 suam,
979 3359 1155 3422 civitatem
1171 3376 1273 3421 sanc·

325 3462 395 3518 tam
418 3457 652 3537 Hierusalem,
673 3465 710 3522 et
729 3465 854 3522 terram
880 3466 1003 3534 totam,
1025 3476 1129 3541 quam
1148 3457 1269 3521 Domi·

324 3574 389 3618 nus
412 3556 502 3619 idem
525 3564 561 3621 et
585 3557 799 3640 Redemptor
820 3565 951 3635 noster,
970 3557 1038 3637 Dei
1061 3556 1184 3634 Filius,
1206 3575 1270 3620 suo

324 3655 494 3734 sanguine
529 3657 756 3734 consecravit,
784 3657 943 3738 precibus
980 3656 1185 3720 universalis
1216 3676 1272 3721 ec·

322 3751 449 3832 elesius,
472 3754 679 3834 generaliter
701 3756 829 3838 populo
846 3756 1054 3832 Christiano,
1076 3755 1273 3836 specialiter

322 3869 405 3914 vero
427 3850 662 3917 Romanorum
684 3855 884 3937 imperatori
907 3854 1059 3918 restituit
1078 3854 1271 3921 Frederico.

323 3949 406 4013 Fuit
423 3958 538 4015 autem
559 3954 690 4037 aliquid
709 3954 959 4037 beneplacitum
984 3954 1135 4018 Domino
1151 3955 1187 4016 in
1211 3974 1272 4037 po-

531 4159 539 4191 ¹
550 4160 716 4227 Adiunctum]
740 4163 748 4191 ‘
760 4159 945 4226 Adjuvantem’
956 4162 1054 4213 inMS.
