2864 4866
383 438 523 487 neonus
549 438 819 488 nrsrorrrnnun.
1033 427 1076 490 91

127 618 261 683 gerens.
315 597 451 663 Habuit
476 605 592 663 autem
620 599 734 663 dictus
763 600 963 683 capellanus
989 600 1077 664 duos
1091 619 1213 658 nonne

127 699 216 764 filios
241 698 418 782 parvulae,
441 697 483 762 de
501 718 646 780 quorum
672 701 926 764 sustentatione
942 707 978 764 et
994 720 1078 764 cura
1091 669 1223 760 diffidi

128 801 229 864 nimis
258 807 334 864 erat
358 799 537 875 sollicitus
568 819 639 881 qua
666 800 868 864 curiositate
892 800 1017 864 ductus
1042 802 1079 864 in

127 900 286 984 pluribus
314 899 534 963 monasteriis
566 899 630 963 tali
657 900 854 964 conditione
878 900 1079 983 praedictam

128 1000 256 1065 obtulit
278 1019 427 1076 crucem,
450 1007 489 1063 ut
509 1001 584 1081 ipse
606 1006 642 1064 et
663 999 726 1062 lilii
748 1000 823 1084 ejus
846 1002 1081 1083 reciperentur
1132 1036 1136 1043 ·

130 1100 176 1164 od
207 1099 362 1164 ordinem
396 1100 647 1179 monachatus3
681 1100 753 1183 qui,
787 1120 864 1164 cum
896 1101 1014 1165 multis
1044 1101 1081 1164 in

130 1201 214 1265 locis
233 1201 324 1265 inter
346 1200 472 1264 divites
494 1201 667 1282 repulsam
690 1220 815 1282 passus
838 1200 970 1278 suisset,
987 1201 1082 1265 venit

131 1300 270 1365 taudem
287 1300 332 1366 ad
348 1300 470 1364 cellam
486 1301 671 1382 quandam,
688 1320 766 1383 quae
782 1301 979 1365 Bromlrolm
997 1320 1082 1364 nun-

131 1409 291 1483 cupatur,
313 1401 567 1484 pauperrimam
582 1408 618 1464 et
635 1400 788 1464 aediliciis
805 1401 1009 1465 omnimodis
1026 1401 1084 1465 de·

133 1502 303 1579 stitutum,
325 1501 362 1564 in
378 1501 553 1567 territorio
574 1499 795 1565 Norfolccnsi
819 1501 934 1578 sitam,
957 1509 1005 1579 et,
1025 1521 1083 1566 ac·

132 1602 260 1666 cersito
274 1601 319 1666 ad
335 1621 372 1666 se
391 1602 505 1684 priore
528 1620 605 1665 cum
628 1600 833 1683 quibusdam
849 1601 891 1664 de
907 1600 1084 1680 fratribus,

135 1702 286 1767 ostendit
314 1703 364 1766 eis
397 1721 533 1765 crucem
563 1695 812 1784 supradictam,
845 1721 923 1783 quae
957 1702 1085 1784 duplici

135 1803 230 1884 ligno
253 1822 298 1866 ex
321 1808 521 1866 transverso
541 1802 656 1866 fuerat
670 1800 849 1879 fabricata,
872 1802 1001 1866 habens
1014 1801 1086 1866 fere

136 1902 387 1984 longitudinem
412 1921 535 1966 manus
564 1902 736 1979 humanae,
759 1909 795 1965 et
817 1903 955 1983 rogavit
977 1903 1088 1967 hurni-

137 2003 227 2079 liter,
250 2010 423 2085 quatenus
447 2022 526 2066 cum
551 2003 629 2085 ipsa
653 2021 754 2066 cruce
777 2009 812 2065 et
831 2002 909 2065 aliis
933 2001 1087 2085 reliquiis

139 2121 226 2186 quas
253 2104 404 2167 habebat
431 2103 545 2186 ipsum
567 2111 603 2167 et
625 2102 713 2165 filios
733 2121 815 2165 snos
833 2103 1025 2185 reciperent
1043 2103 1087 2166 ad

138 2203 292 2268 ordinem
307 2203 564 2268 monachorum.
604 2201 706 2266 Prior
723 2222 805 2266 vero
822 2210 857 2266 et
870 2202 996 2268 fratres
1012 2204 1088 2287 ejus

139 2303 305 2368 detento
331 2303 516 2368 exhilarati
549 2303 713 2367 thesauro
744 2302 850 2380 illico,
881 2311 1089 2386 procurante

142 2405 306 2482 Domin0‚
328 2404 387 2486 qui
413 2404 593 2469 honestam
608 2423 743 2486 semper
762 2403 982 2485 amplectitur
1005 2424 1091 2487 pau·

140 2502 326 2587 pertatem,'
345 2505 447 2570 dictis
472 2503 643 2587 capellani
669 2502 899 2568 adhibuerunt
916 2505 1029 2583 fidem,
1056 2512 1090 2568 et

141 2605 273 2687 lignum
297 2603 518 2669 Dominicum
541 2611 737 2668 reverenter
760 2605 970 2688 accipientes
992 2606 1091 2668 detu-

141 2706 256 2770 lerunt
278 2704 364 2768 illud
385 2705 424 2768 in
452 2706 641 2770 oratorium
668 2724 769 2769 suum
795 2713 932 2769 etcum
962 2712 1092 2788 quanta

142 2812 329 2889 potuerunt
350 2805 533 2870 devotione
555 2806 591 2868 in
613 2804 689 2869 loco
712 2805 953 2870 honestissimo
976 2824 1092 2869 serva·

137 2912 281 2997 uerunt.
334 2905 414 2970 Hoc
433 2905 581 2988 denique
606 2924 710 2981 anno,
735 2912 775 2967 ut
796 2904 997 2986 praedictum
1027 2911 1092 2982 est,

143 3013 325 3090 coeperunt
352 3005 470 3071 divina
492 3005 657 3070 celebrari
682 3004 861 3082 miracula,
885 3005 930 3068 ad
956 3004 1091 3068 laudem

143 3114 179 3171 et
201 3107 348 3189 gloriam
377 3105 525 3171 vivificae
553 3105 677 3181 crucis,
703 3105 739 3167 in
770 3106 978 3168 monasterio
1004 3125 1093 3188 prae-

143 3207 259 3288 dict0;
282 3208 341 3270 ubi
356 3208 501 3271 mortuis
512 3205 595 3282 vita,
606 3205 707 3269 oaecis
723 3205 831 3280 visne,
847 3205 979 3268 claudis
998 3223 1094 3286 gres·

145 3327 206 3371 sus
245 3308 453 3383 restituitur,
485 3305 631 3388 leprosis
664 3323 745 3368 caro
775 3304 902 3367 munda
934 3304 1094 3381 donatur,

146 3408 278 3473 obsessi
304 3427 327 3471 a
358 3406 570 3471 doemonibus
601 3405 802 3482 liberantur,
826 3411 861 3468 et
887 3404 1095 3486 quicumque

145 3508 300 3571 infirmus
327 3527 404 3570 cum
433 3506 499 3570 fide
525 3504 569 3569 ad
597 3504 729 3585 liguum
755 3504 957 3586 praedictum
979 3524 1094 3569 acces-

147 3609 230 3672 serit
259 3607 440 3672 incolumis
475 3613 511 3670 et
541 3624 647 3668 sanus
682 3605 820 3669 recedit.
884 3605 1097 3687 Frequenter

148 3715 263 3772 autem
288 3708 452 3772 adoratur
469 3714 505 3771 et
523 3705 648 3769 colitur
670 3724 757 3768 crux
780 3705 927 3788 praefata
950 3724 1019 3769 non
1042 3725 1097 3769 so·

148 3808 217 3871 lum
241 3827 263 3872 a
289 3816 392 3891 gente
406 3807 614 3889 Anglicana,
630 3825 749 3870 verum
763 3807 868 3870 etiam
889 3807 932 3869 ab
951 3806 1096 3869 homini-

149 3909 213 3972 bus
244 3909 287 3972 de
310 3908 507 3990 regionibns
534 3908 636 3988 longe
661 3907 796 3987 positiS,
820 3913 867 3983 et,
887 3905 947 3988 qui
969 3906 1012 3969 de
1037 3905 1099 3968 illa

148 4007 265 4072 divina
302 4009 485 4073 audierunt
521 4006 699 4083 miracula,
741 4007 961 4073 devotissime
997 4025 1098 4070 vene-

149 4116 280 4172 rantur.
