2864 4866
452 406 592 456 rnonrs
615 407 887 458 nrsronmnun.
1075 395 1142 459 203

190 564 283 628 aliud
313 565 500 631 remedrum
528 587 599 631 non
621 567 802 645 habentes,
828 567 966 646 calices,
994 569 1142 651 phialas,
1155 587 1278 629 suurn.

189 664 392 747 philacteria
422 674 458 730 et
480 666 551 730 alia
578 685 679 731 sacra
705 666 827 730 altaris
855 687 954 744 vasa,
984 669 1142 750 quaedam

189 765 429 843 vendiderunt,
462 765 629 831 nonnulla
663 760 717 830 ¹in
749 768 876 849 pignus
909 769 975 831 sub
1010 769 1143 832 foenore

190 872 390 946 posuerunt.
432 865 614 930 Continuis
631 865 940 944 maledictionibus
954 867 1014 931 sed
1029 869 1144 932 occul-

193 964 251 1041 tis,
264 965 397 1047 repleta
413 971 468 1028 est
479 970 585 1042 terra,
600 965 869 1048 imprecantibus
885 967 1031 1045 cunctis,
1048 969 1143 1051 quod

192 1083 367 1146 nunquam
386 1065 467 1128 talis
485 1065 624 1128 exactio
643 1065 717 1129 suis
737 1064 800 1128 fiat
815 1067 1035 1131 exactoribus
1050 1067 1142 1131 sruc-

193 1170 306 1228 tuosa.
359 1164 462 1228 Solus
485 1183 600 1228 eomes
623 1163 817 1230 cestrensis
841 1164 1063 1249 Ranulphus,
1079 1186 1143 1230 no·

190 1262 264 1325 lens
293 1270 420 1327 terram
452 1282 553 1327 suam
582 1264 737 1346 redigere
765 1265 802 1328 in
831 1267 1045 1345 servitutem,
1072 1287 1142 1331 non

191 1363 348 1444 permisit
370 1364 413 1427 de
438 1363 539 1428 feodo
564 1382 628 1428 suo
646 1365 738 1428 viros
762 1365 944 1446 religiosos
966 1366 1022 1431 vel
1042 1367 1142 1431 cleri-

191 1481 251 1526 cos
268 1462 419 1527 decimas
437 1470 644 1527 memoratas
659 1464 826 1542 conferre,
843 1467 1001 1548 quamvis
1012 1466 1142 1548 Anglia

191 1570 227 1626 et
239 1562 383 1640 Wallia,
397 1563 516 1628 Scotia
530 1571 566 1627 et
581 1562 753 1628 Hibernia
768 1564 812 1628 ad
826 1565 1034 1630 solutionem
1051 1586 1144 1630 com-

190 1662 377 1744 pellantur.
423 1662 504 1728 Hoc
521 1670 636 1728 autem
651 1664 770 1728 multis
783 1666 819 1727 in
835 1664 900 1728 hac
916 1665 1143 1730 decimatione

189 1762 352 1826 solatium
369 1764 546 1847 praebebat
561 1771 597 1827 et
612 1763 781 1841 levamen,
798 1764 889 1847 quod
906 1784 1014 1846 regna
1031 1774 1142 1829 trans-

191 1862 325 1926 marina
337 1870 373 1926 et
384 1863 486 1943 longe
507 1863 623 1945 posita
639 1883 709 1926 non
722 1871 804 1926 sunt
819 1865 864 1927 ab
878 1864 947 1928 ista
960 1865 1142 1929 exactione

192 1963 322 2044 quieta.
373 1961 530 2043 Cumque
545 1962 685 2027 tandem
699 1963 845 2026 istarum
861 1964 1039 2046 plenitudo
1053 1964 1141 2029 divi·

193 2062 320 2126 tiarum
337 2062 381 2126 ad
405 2082 575 2126 summum
597 2063 795 2145 pontificem
820 2064 1046 2145 pervenisset,
1067 2064 1142 2146 ipse

193 2160 348 2225 Johanni
372 2162 415 2226 de
438 2162 599 2226 Breisnes
624 2169 659 2226 et
683 2162 761 2225 aliis
792 2163 924 2227 militiae
951 2183 1024 2228 suae
1048 2165 1142 2246 prin-

192 2262 325 2344 cipibus
347 2262 398 2326 ita
413 2262 594 2326 affluenter
616 2280 676 2325 eas
699 2261 885 2345 distribuit,
907 2264 999 2346 quod
1024 2265 1141 2345 gravi-

192 2368 246 2426 ter
263 2348 368 2426 cessit
383 2363 420 2425 in
436 2361 600 2426 damnum
614 2361 843 2444 imperatoria,
857 2363 940 2426 dum
954 2360 1142 2446 municipia

194 2461 269 2545 ejus
295 2470 331 2526 et
360 2462 504 2526 castella
532 2461 569 2525 in
594 2460 670 2545 ejus
695 2462 852 2526 absentia
882 2464 1140 2528 subvertebant.

194 2561 325 2626 Eodem
350 2581 442 2626 anno
470 2561 637 2643 magister
662 2559 838 2625 Robertus
862 2562 905 2626 de
932 2563 1141 2644 BIngeham‚

193 2661 454 2726 Saresbiriensis
486 2661 629 2738 electae,
661 2661 753 2743 apud
785 2661 985 2743 Septoniam
1015 2681 1140 2726 munus

191 2762 460 2826 consecrationis
476 2761 640 2843 suscepit,
653 2767 755 2824 sexto
772 2759 939 2825 kalendas
953 2761 976 2826 J
979 2763 1064 2840 unii,
1080 2782 1142 2844 per

194 2881 333 2925 manum
345 2859 785 2942 Willelmi,Wigorniensis
802 2862 964 2944 episcopi,
975 2861 1141 2926 adstanti-

187 2964 258 3026 ·bus
281 2961 463 3044 episcopis,
482 2959 506 3024 J
509 2961 641 3024 ocelino
664 2960 904 3038 Bathoniensi,
929 2969 965 3025 et
984 2960 1140 3025 Alexan-

193 3062 255 3125 dro
268 3060 507 3126 coventrensi.
558 3060 688 3124 Eodem
704 3069 858 3142 tempore
868 3080 931 3124 rex
948 3061 1142 3142 Anglorum

232 3273 282 3322 ¹In
298 3272 390 3336 pigner
406 3270 451 3321 aab
461 3271 556 3331 soeaore
573 3285 656 3334 posue·
680 3266 865 3332 abominanda,’
876 3269 935 3318 who
947 3270 1064 3318 involved
1081 3271 1144 3332 king

195 3343 275 3407 runt]
293 3343 468 3404 Anticipatiug
479 3341 521 3390 the
533 3340 655 3402 difficulty
680 3340 731 3387 aud
755 3341 853 3400 subject
875 3339 943 3388 alike
967 3340 1057 3388 within
1078 3340 1145 3389 their

196 3409 657 3474 thatmightarisetotheclergyand
681 3413 732 3458 net.
759 3409 814 3457 The
824 3410 937 3458 instance
949 3408 1008 3457 here
1022 3410 1144 3458 recorded

190 3485 280 3534 >others
296 3481 326 3531 ol
344 3481 453 3543 maeting
473 3480 516 3529 the
536 3480 659 3528 demands
681 3493 791 3540 appears
809 3483 836 3528 to
853 3477 918 3528 have
936 3480 1001 3528 been
1018 3479 1061 3528 the
1077 3494 1144 3528 com-

196 3555 270 3604 made
286 3567 355 3614 upon
369 3551 436 3599 them
454 3551 481 3598 in
498 3549 550 3598 this
564 3550 658 3611 iniqui·
681 3553 837 3597 mencenent
847 3549 876 3597 of
883 3549 925 3597 the
938 3554 1031 3610 system
1048 3549 1077 3598 of
1090 3564 1143 3597 mo-

197 3630 255 3674 tous
269 3627 323 3683 tax,
339 3621 381 3670 the
397 3622 490 3682 legate,
504 3619 525 3667 it
539 3634 658 3681 appears,
682 3618 1144 3681 acy-leading,alterwardspractised

195 3695 247 3743 had
269 3690 378 3754 brought
399 3689 462 3738 with
483 3689 536 3737 him
563 3689 658 3738 certain
682 3689 716 3748 by
737 3689 780 3737 the
802 3689 896 3736 Italian
918 3688 1060 3738 merchants
1079 3689 1144 3737 until

196 3761 406 3823 money-laudere,
416 3759 485 3820 who,
502 3763 529 3807 at
544 3773 577 3807 an
587 3773 658 3808 enor·
682 3757 725 3806 the
740 3759 813 3819 reign
829 3759 858 3806 ol
875 3758 988 3806 Edward
1004 3758 1048 3807 the
1067 3758 1143 3808 third.

196 3848 270 3884 mous
287 3834 399 3890 interest,
422 3829 540 3890 supplied
560 3828 602 3877 the
621 3843 659 3877 re·
682 3828 735 3876 The
752 3828 841 3876 render
856 3842 914 3888 may
930 3828 981 3875 find
998 3843 1014 3876 a
1029 3843 1090 3889 very
1105 3830 1143 3876 in·

196 3901 287 3965 quired
298 3915 376 3951 sums.
411 3898 494 3947 These
500 3912 603 3946 usurers
614 3913 659 3947 are
682 3898 805 3959 teresting
815 3912 896 3959 paper
905 3912 971 3959 upon
978 3897 1029 3945 this
1038 3899 1145 3960 subject,

196 3969 347 4023 afterwards
353 3969 450 4032 spoken
457 3967 487 4017 ol
494 3969 528 4029 by
534 3968 659 4017 Matthew
683 3968 717 4028 by
728 3969 780 4016 ΜΓ.
793 3967 866 4016 Bond
878 3968 907 4016 of
914 3967 956 4015 the
974 3967 1070 4016 British
1086 3969 1145 4016 Mu·

197 4043 274 4093 Paris
284 4042 365 4090 under
374 4040 417 4088 the
427 4039 483 4087 title
494 4038 523 4086 ol
532 4037 661 4099 Gaursini,
684 4051 764 4098 seum,
781 4037 808 4084 in
826 4037 868 4085 the
890 4037 1084 4101 Archaeologia,
1096 4037 1145 4087 vol.

186 4102 270 4175 trem,
286 4126 316 4161 as
329 4110 361 4160 he
377 4124 447 4171 says,
458 4111 609 4158 ‘causantes
620 4108 660 4156 vel
683 4108 774 4156 xxviii.
786 4123 812 4169 p.
820 4111 878 4157 20⁷.

196 4183 327 4246 capientes
337 4187 363 4230 et
374 4174 470 4242 ursini,
486 4192 516 4227 as
532 4193 548 4227 a
564 4178 661 4240 ‘pestis
