2864 4866
399 398 539 448 rnonns
562 398 834 448 ursronmnuu.
1026 383 1090 447 105

135 575 264 639 panem
284 557 501 621 benedictum
520 558 712 640 percipiant
732 559 767 620 in
790 555 947 634 ecclesia,
970 575 1088 639 quam·
1102 571 1157 612 an.
1167 572 1224 611 122⁵·

140 656 200 720 diu
229 657 465 721 concubinarii
495 677 554 722 eas
584 658 740 722 detinent
764 658 801 720 in
830 656 987 720 domibus
1017 657 1089 720 suis

142 756 196 821 vel
218 757 355 840 publice
380 765 482 822 extra
510 757 641 821 domos.
670 759 675 766 ’
695 757 796 835 Item,
820 758 851 820 si
881 757 1089 839 pepererint,

141 877 210 921 non
236 857 474 940 purificentur,
500 858 568 921 nisi
589 857 686 940 prius
709 856 933 920 sufficientem
956 857 1085 939 praesti·

142 957 247 1021 terint
269 958 464 1022 cautionem
487 957 742 1034 archidiacono,
765 957 821 1022 vel
843 957 918 1040 ejus
941 955 1090 1034 officiali,

141 1058 183 1121 de
210 1057 447 1122 satisfactione
471 1059 508 1121 in
533 1058 692 1140 proximo
720 1057 873 1140 capitulo
896 1064 976 1140 post
995 1057 1090 1140 puri·

142 1157 336 1222 ficationem
369 1177 487 1222 earum
515 1157 680 1221 facienda.
748 1157 852 1235 Item,
882 1157 1090 1236 sacerdotes,

139 1258 345 1341 inquorum
371 1258 543 1341 parochiis
570 1259 770 1322 concubinae
793 1258 914 1321 talium
939 1278 1090 1322 commo-

144 1364 274 1433 rantur,
298 1357 329 1420 si
352 1378 422 1423 non
445 1358 509 1422 hoc
530 1357 742 1422 ostenderint
764 1358 1018 1436 archidiacono,
1034 1358 1090 1423 vel

144 1457 220 1541 ejus
237 1456 386 1537 officiali,
403 1458 678 1542 suspendantur;
698 1465 743 1535 et,
761 1459 962 1542 priusquam
976 1459 1090 1522 relax-

143 1566 257 1636 entur,
275 1560 375 1640 gravi
392 1557 606 1642 poenitentiae
624 1558 839 1642 subjaceant.
892 1559 995 1636 Item,
1011 1578 1091 1642 quae

143 1658 306 1723 convinci
330 1661 470 1742 poterit,
496 1660 590 1742 quod
617 1659 777 1723 sacerdos
805 1679 882 1723 eam
908 1659 1092 1723 carnaliter

144 1759 358 1842 cognoverit,
389 1761 562 1843 publicam
595 1767 679 1841 agat
704 1760 942 1842 poenitentiam
974 1766 1010 1823 et
1035 1779 1091 1823 so-

140 1859 291 1938 lennem,
314 1879 355 1925 ao
376 1861 407 1924 si
427 1860 469 1924 de
493 1859 663 1924 adulterio
684 1866 776 1924 esset
793 1861 963 1937 convicta,
986 1861 1089 1923 etiam

143 1961 172 2023 si
195 1960 311 2025 soluta
334 1960 462 2038 fuerit;
498 1962 528 2024 si
550 1980 632 2024 vero
659 1961 869 2043 desponsata
892 1979 997 2042 super
1018 1979 1090 2024 rem
1162 2025 1166 2029 .

143 2059 380 2143 hujuscemodi
396 2060 499 2125 fuerit
514 2060 684 2138 convicta,
698 2067 865 2143 tanquam
883 2080 946 2142 pro
962 2060 1090 2142 duplici

144 2160 314 2225 adulterio
327 2162 504 2244 puniatur,
520 2181 564 2225 ne
575 2161 665 2225 tanti
680 2169 796 2224 reatus
813 2160 1000 2244 impunitas
1014 2161 1091 2225 aliis

145 2268 299 2327 transeat
315 2262 351 2325 in
367 2263 548 2326 materiam
564 2261 797 2343 delinquendi.

163 2438 206 2504 Ut
217 2459 311 2504 corner
327 2437 564 2504 dorcadiricasis
580 2460 601 2502 c
619 2438 790 2525 naufrapcb
796 2438 904 2523 faerit
918 2434 1077 2502 liberatas.

196 2563 266 2628 Per
286 2563 378 2629 idem
400 2571 536 2646 tempus
558 2564 755 2628 Willelmus
777 2583 891 2628 comes
911 2563 1235 2670 Saresbiri-fflsgmor

147 2665 250 2741 ensis,
272 2665 331 2747 qui
359 2683 436 2727 cum
466 2665 591 2728 comite
619 2664 796 2729 Richardo
826 2664 1035 2728 militaverat
1056 2664 1092 2726 in
1105 2641 1212 2727 afiligi

141 2765 302 2847 ⁴partibus
332 2765 585 2843 transmarinis,
616 2765 659 2842 ad
692 2764 854 2847 Angliam
886 2765 1093 2828 transiturus

148 2851 254 2928 naves
276 2863 441 2944 intravit3
473 2857 551 2928 ¹sed
579 2884 655 2928 cum
679 2865 783 2946 longo
806 2865 910 2928 maris
941 2864 1094 2946 periculo

147 2972 182 3028 et
213 2971 395 3029 ventorum
426 2965 619 3028 turbinibus
653 2984 715 3047 per
752 2965 825 3028 dies
859 2965 1024 3046 plurimos
1059 2971 1095 3027 et

148 3073 266 3129 noctes
289 3064 324 3127 in
349 3071 467 3146 partes
493 3065 647 3129 diversas
674 3064 880 3148 jactaretur,
905 3084 982 3128 cum
1010 3064 1094 3146 ipsis

148 3165 264 3229 nautis
293 3171 328 3228 et
354 3164 432 3228 aliis
462 3165 633 3242 omnibus,
654 3165 714 3247 qui
744 3167 780 3228 in
809 3165 891 3228 navi
918 3171 1028 3240 erant,
1051 3163 1094 3227 de

146 3265 222 3330 vita
243 3265 458 3348 desperatus,
485 3265 632 3329 annulos
658 3266 827 3348 pretiosos
855 3272 891 3329 et
919 3283 1094 3348 quaecum·

149 3366 278 3448 quein
305 3384 390 3429 auro
414 3365 470 3429 vel
496 3373 642 3448 argento
671 3372 732 3428 aut
754 3365 914 3447 pretiosis
940 3364 1095 3428 vestibus

143 3464 347 3548 possidebat
377 3465 538 3530 fluctibus
568 3466 685 3548 pelagi
712 3463 894 3544 commisit,
924 3471 976 3542 ut,
1006 3465 1096 3529 sicut

148 3565 191 3629 ad
211 3566 319 3630 vitam
338 3564 450 3629 nudus
468 3567 612 3630 intravit
628 3565 863 3647 temporalem,
879 3567 930 3630 ita
946 3566 990 3629 ab
1004 3565 1096 3628 omni

143 3665 278 3729 honore
311 3673 455 3729 terreno,
480 3666 648 3748 spoliatus
680 3666 723 3729 ad
754 3667 901 3749 patriam
933 3664 1097 3730 transiret

186 3845 278 3910 ΗΜ]
296 3845 389 3908 Chron.
401 3845 495 3896 Dunst.
507 3862 533 3908 p.
543 3850 608 3909 »1613
635 3847 751 3897 mauders
768 3846 861 3895 offered
879 3846 994 3893 himma
1010 3845 1096 3895 marks

150 3916 242 3966 where
253 3917 275 3965 is
293 3917 346 3966 also
357 3931 391 3965 an
408 3917 516 3966 account
526 3917 555 3965 of
568 3917 610 3966 th'e
635 3916 664 3966 to'
677 3917 753 3966 allow
763 3916 830 3964 them
842 3920 867 3964 to
884 3914 1001 3977 proceed,
1011 3915 1095 3964 which

150 3986 303 4049 lieet,which
311 3986 611 4036 hadtek'enouttreusure
636 4000 692 4045 was
698 3985 799 4034 refused
809 4001 816 4045 ;
827 3985 869 4034 the
880 3984 960 4047 wind,
970 3985 1096 4047 however,

146 4061 176 4112 ,to
187 4056 308 4117 Richard,
319 4056 413 4119 having
423 4058 488 4125 been
505 4056 612 4123 stopped
637 4055 742 4120 shilting
754 4055 888 4122 suddenly,
896 4056 956 4118 they
965 4061 1008 4117 got
1016 4056 1097 4109 under

151 4128 177 4174 in
194 4127 314 4176 Rochelle
329 4127 405 4195 roads
422 4129 455 4190 by
470 4121 569 4195 Sat'rarvv
580 4121 615 4193 de
637 4126 722 4189 weigh
734 4127 784 4176 aud
796 4126 930 4188 escaped..

152 4197 316 4248 Mauleonon
325 4198 358 4248 ite
370 4202 466 4249 return.-
483 4197 536 4246 The
547 4212 614 4246 com·
673 4239 676 4244 .
