2864 4866
316 391 383 456 168
573 402 708 451 nocnru
734 402 780 448 nn
803 400 1011 449 wnnnovnn

155 595 211 635 nn.
221 594 280 633 na.
318 563 421 627 cedit.
462 561 588 627 Adhuc
603 579 740 644 quoque
756 557 909 622 Thomas
925 555 1123 638 praedictus,
1137 556 1193 620 vel
1208 575 1270 638 po·

319 665 388 727 tius
411 663 598 746 imperator
615 681 677 743 per
697 660 824 743 ipsum,
849 657 1034 741 praedictas
1060 653 1180 719 domos
1206 655 1270 718 im·

320 764 456 827 manius
483 779 693 846 persequens
720 760 815 841 ipsas
846 757 1003 821 domibus
1028 763 1063 821 et
1082 755 1272 839 possessio-

321 864 435 940 nibuS,
456 881 543 944 quas
566 861 753 936 habebant,
769 859 804 922 vi
825 857 966 921 arctiori
988 876 1051 940 per
1070 855 1271 921 violentiam

321 962 496 1047 spoliavit,
519 981 647 1043 easque
667 958 857 1043 privilegiis
873 957 1074 1039 apostolicae
1096 956 1187 1019 sedis
1203 957 1273 1038 pri-

321 1081 405 1126 vare
428 1061 638 1126 contendens
666 1066 701 1123 et
723 1057 893 1142 imperiali
920 1056 1089 1139 subjicere
1110 1055 1274 1140 jurisdic-

321 1163 409 1227 tioni
432 1161 567 1240 nititur,
588 1160 625 1224 in
644 1157 863 1222 manifestam
885 1158 1145 1221 subversionem
1165 1157 1274 1221 ecclc-

323 1262 472 1326 siasticae
504 1260 695 1338 libertatis3
727 1265 864 1323 centum
890 1257 1027 1322 sclavos
1047 1258 1163 1334 etiam,
1186 1276 1274 1341 quos

322 1362 445 1426 domus
470 1360 667 1445 Hospitalis
687 1367 723 1423 et
739 1356 876 1440 Templi
899 1356 1073 1422 habebant
1099 1357 1135 1420 in
1157 1356 1276 1420 Sicilia

324 1469 359 1526 et
377 1459 519 1544 Apulia,
535 1460 653 1542 colligi
674 1459 804 1521 faciens
827 1476 887 1521 eos
909 1456 1057 1521 reddidit
1081 1457 1275 1535 Saracenis,

324 1560 420 1625 nulla
437 1558 562 1624 exinde
582 1558 900 1642 recompensatione
922 1557 1016 1620 facta
1037 1557 1195 1621 domibus
1217 1577 1275 1621 su·

325 1661 512 1745 pradictis3
545 1665 581 1723 et
605 1659 654 1723 sic
682 1659 792 1722 servis
817 1656 947 1721 Christi
981 1676 1099 1722 servos
1135 1657 1276 1741 praefert

328 1760 553 1836 Machometi,
576 1766 616 1823 ut
639 1778 683 1823 ex
708 1757 896 1840 praemissis
920 1757 1113 1823 ostenditur
1135 1758 1276 1822 eviden-

326 1868 391 1925 ter.
427 1859 552 1925 Adhuc
586 1865 770 1943 procerte
798 1859 900 1935 scias,
923 1858 1027 1941 quod,
1053 1858 1136 1922 licet
1163 1858 1277 1922 dictus

325 1961 514 2044 imperator
535 1980 613 2024 cum
635 1959 756 2043 paucis
778 1958 943 2022 militibus
966 1978 1061 2022 mare
1081 1958 1208 2022 dicitur
1222 1960 1276 2022 in-

327 2068 451 2138 trasse,
468 2067 591 2125 contra
606 2059 849 2142 patrimonium
872 2058 1026 2122 ecclesiae
1040 2078 1201 2140 magnum
1218 2079 1278 2123 ex-

329 2162 474 2226 ercitum
497 2159 771 2224 Christianorum
794 2165 829 2223 et
847 2158 1098 2222 Saracenorum
1120 2159 1278 2223 multitu·

329 2261 443 2325 dinem
466 2260 663 2338 destinavit,
687 2265 727 2322 ut
744 2259 787 2322 de
803 2259 1044 2323 observatione
1059 2258 1137 2323 fidei
1153 2279 1225 2323 suae
1243 2268 1279 2324 et

329 2360 546 2442 malignitate
562 2365 708 2435 constet,
731 2359 956 2441 omnibusque
978 2359 1197 2423 manifestum
1220 2379 1281 2423 ex·

329 2461 447 2524 hibeat
459 2446 712 2542 argumentum.
742 2458 857 2535 Unde,
871 2459 1025 2541 inquam,
1034 2459 1167 2523 firmam
1182 2480 1279 2543 spem

330 2560 560 2648 fiduciamque
575 2559 740 2623 habemns
755 2558 791 2622 in
809 2558 890 2636 1110,
908 2560 968 2641 qui
983 2560 1162 2623 ecclesiam
1180 2580 1280 2623 suam

332 2680 438 2744 supra
453 2659 532 2724 fidei
549 2666 684 2742 petram
699 2659 890 2735 stabiliens,
909 2666 1213 2744 quantumcunque
1231 2661 1280 2724 ir-

332 2767 437 2825 ruant
446 2761 541 2824 venti
556 2768 591 2824 et
602 2758 772 2823 inundent
782 2758 935 2835 flumina,
952 2760 1063 2841 ipsam
1080 2767 1195 2824 tamen
1211 2780 1281 2825 non

331 2861 509 2943 permittet
533 2859 651 2924 everti.
704 2859 798 2922 Dum
817 2859 936 2941 itaque
959 2859 1114 2923 videmus
1141 2881 1218 2925 eum
1244 2861 1281 2925 in

332 2961 554 3027 subversione
571 2959 650 3022 fidei
670 2957 877 3022 Christianae
897 2958 949 3022 ita
971 2959 1128 3042 nequiter
1151 2961 1283 3026 machi-

332 3067 485 3137 nantem,
515 3060 566 3123 ita
595 3059 699 3142 impie
726 3059 939 3136 saevientem,
967 3079 1145 3142 possemus
1168 3069 1282 3126 extre-

332 3180 426 3225 mum
448 3158 639 3242 periculum
658 3158 863 3238 formidare;
887 3158 959 3236 sed,
977 3168 1284 3244 quantumcunque

332 3259 430 3342 impii
451 3258 678 3342 prolongetur
699 3258 877 3340 iniquitas,
901 3279 1078 3341 nunquam
1106 3267 1222 3325 tamen
1246 3262 1283 3326 in

333 3378 398 3423 sua
414 3359 543 3443 poterit
566 3359 740 3440 pravitate
759 3358 959 3440 praevalere,
982 3359 1043 3422 sed
1060 3359 1097 3423 in
1111 3380 1153 3424 ea
1166 3363 1283 3445 potius

334 3464 526 3523 evanescet.
564 3457 651 3522 Cum
672 3458 781 3539 igitur
803 3477 848 3522 ex
871 3457 994 3536 officio,
1019 3459 1099 3524 licet
1119 3461 1284 3544 indignis,

334 3559 433 3622 nobis
461 3557 617 3642 injuncto
649 3556 830 3640 providere
863 3560 1031 3640 cogimur,
1060 3579 1104 3623 ne
1128 3563 1287 3627 minister

336 3657 548 3722 Machometi
575 3657 613 3720 in
640 3655 770 3721 Christi
803 3657 979 3723 ministros
1007 3659 1138 3724 diutius
1169 3662 1288 3729 valeat

335 3758 514 3834 desaevire,
556 3757 616 3820 sed
658 3757 804 3821 saeviens
837 3759 954 3841 potius
986 3760 1218 3828 confundatur
1251 3773 1287 3830 et

337 3857 449 3938 gloria
483 3856 672 3921 Christiani
703 3858 850 3921 nominis
888 3859 1074 3938 exaltetur,
1111 3862 1287 3928 dilectioni

336 3965 407 4020 tuae
431 3977 493 4040 per
518 3957 710 4040 apostolica
736 3958 866 4041 scripta
888 3961 1121 4043 praecipiendo
1145 3964 1289 4028 manda-

336 4076 425 4131 muS,
458 4064 629 4138 qnatenus
659 4078 721 4139 per
747 4065 876 4122 terram
900 4060 1084 4142 legationis
1114 4069 1184 4127 tuae
1212 4062 1288 4128 hacc

336 4156 523 4223 solenniter
553 4158 745 4240 praedicans
778 4157 908 4224 Christi
950 4159 1119 4238 fidelibus,
1153 4170 1192 4226 ut
1224 4184 1291 4247 pro¹
