2864 4866
369 405 509 454 neonus
532 406 801 457 ursroarnnuu.
1000 393 1070 459 263

120 563 198 640 erit,
219 562 429 643 visitatores,
447 565 506 630 vel
522 565 744 650 praesidentes
773 565 809 629 in
831 564 983 648 capitulo
1006 584 1200 649 gennuae.

121 664 240 740 nerali,
262 665 432 731 defectum
456 665 608 748 episcopi
630 664 674 729 ad
700 664 815 728 sedem
838 667 1064 749 apostolicam

120 783 188 826 non
202 763 361 830 differant
374 765 546 830 intimare.
587 763 676 829 Haec
689 764 808 828 eadem
821 766 913 830 cirea
926 785 1066 849 exemp-

119 869 174 926 tos
198 864 342 928 abbates
359 865 433 929 fieri
449 865 679 948 praecipimus,
698 865 911 947 depositione
929 873 1064 930 tantum

119 962 271 1044 ipsorum
298 965 372 1029 sedi
401 965 600 1047 apostolicae
624 972 828 1046 reservate3
859 966 910 1029 ita
934 973 1062 1043 tamen,

118 1069 159 1126 ut
175 1065 311 1142 abbate,
333 1067 393 1147 qui
407 1065 577 1129 videbitur
598 1063 820 1140 amovendus,
841 1065 979 1129 interim
1001 1077 1064 1148 per'

119 1162 316 1228 visitatores
339 1164 395 1228 vel
417 1165 453 1227 in
475 1163 628 1246 capitulo
648 1163 871 1246 praesidentes
894 1166 937 1228 ab
955 1165 1063 1229 admi-

118 1261 323 1327 nistratione
344 1283 525 1346 suspenso,
547 1262 807 1327 administrator
827 1263 971 1328 idoneus
990 1285 1064 1329 mo·

119 1363 269 1427 nasterio
290 1363 485 1447 deputetur.
538 1362 683 1427 Illorum
704 1370 820 1427 autem
835 1383 1010 1442 excessua,
1028 1373 1064 1430 et

119 1462 189 1525 alia
202 1482 279 1545 quae
298 1465 373 1528 visa
395 1464 522 1527 suerint
537 1463 729 1527 intimanda
750 1464 923 1546 capitulis,
946 1464 1064 1547 praesi-

118 1562 238 1626 dentes
268 1564 367 1627 nobis
395 1563 598 1628 denuntient
628 1583 690 1645 per
717 1563 835 1627 fideles
865 1565 1005 1628 nuntios
1027 1572 1064 1629 et

118 1662 316 1744 prudentes,
338 1665 463 1746 quibus
483 1662 526 1727 de
548 1664 721 1726 communi
746 1664 907 1728 abbatum
935 1664 1062 1729 contri·

117 1762 270 1839 butione,
287 1764 394 1847 juxta
416 1762 601 1848 cujuslibet
622 1762 835 1840 facultatem,
856 1761 1064 1827 sufficienter

117 1861 355 1927 ministrentur
371 1882 544 1946 expensae.
597 1862 787 1945 Sequentes
809 1869 925 1927 autem
943 1863 1062 1928 visita·

119 1969 212 2025 tores
238 1962 391 2045 priorum
414 1963 616 2045 perquirant
637 1961 786 2043 vestigia
809 1961 992 2043 diligenter
1013 1963 1063 2027 vi-

118 2062 312 2138 sitatorum,
334 2069 502 2126 eteorum
525 2061 754 2142 negligentias
772 2069 807 2125 et
823 2081 985 2127 excessus
1008 2082 1062 2126 re·

118 2160 231 2225 ferant
251 2162 409 2244 sequenti
437 2161 588 2244 capitulo
614 2162 779 2242 generali,
805 2168 844 2225 ut
861 2161 968 2244 juxta
990 2161 1062 2226 cul-

117 2279 198 2342 pam
219 2260 370 2325 debitam
392 2272 531 2343 poenam
554 2260 716 2342 portent.’
768 2260 814 2324 Et
829 2259 903 2324 haec
922 2259 964 2324 de
980 2261 1063 2325 visi·

119 2360 251 2424 tatione
270 2360 364 2425 dicta
385 2359 566 2424 sufficiant.
618 2359 749 2424 Eodem
774 2378 864 2422 anno
890 2359 1062 2440 Rogerus,

121 2459 371 2524 Londoniensis
392 2461 586 2542 episcopus,
606 2466 790 2523 accusatus
807 2459 898 2523 inter
912 2459 999 2529 alios
1020 2460 1064 2523 de

118 2578 288 2623 consensu
304 2559 537 2625 distractionis
557 2559 695 2640 frugum
712 2558 913 2624 clericorum
931 2560 1062 2624 Roma·

118 2678 251 2735 norum,
275 2652 467 2741 ¹profectus
489 2666 544 2723 est
558 2658 601 2722 ad
621 2658 736 2723 sedem
763 2659 999 2741 apostolicam,
1022 2667 1063 2724 ut

115 2777 214 2822 suam
236 2758 286 2822 ibi
306 2760 536 2823 innocentiam
558 2765 753 2822 excusaret.

154 2929 241 3009 Quod
256 2951 310 2994 rae
323 2930 497 3016 Angelorum
512 2931 669 2995 ministros
684 2951 705 2994 u
722 2932 813 2995 curio
828 2952 885 2995 sua
902 2933 1040 2996 remouit.

168 3051 268 3118 Anno
282 3054 423 3119 Domini
442 3072 659 3119 mccxxxffl.
678 3076 739 3119 rex
755 3055 947 3136 Anglorum
965 3055 1061 3120 Hen·
1074 3079 1128 3120 nn.
1139 3080 1197 3118 no.

114 3152 217 3230 ricus,
240 3172 331 3218 anno
348 3156 446 3236 regni
463 3156 518 3219 sui
540 3155 673 3219 decimo
694 3156 853 3237 septimo,
874 3157 985 3220 tenuit
1001 3130 1210 3220 cu-lelfflnn

115 3254 201 3316 riam
220 3272 319 3317 suam
347 3254 391 3317 ad
423 3254 551 3318 Natale
577 3254 670 3337 apud
695 3255 910 3336 Vigorniam,
932 3255 1003 3332 ubi,
1023 3229 1188 3320 mmmm

114 3350 251 3429 dicitur,
266 3353 313 3430 de
333 3354 476 3418 consilio
496 3353 604 3429 Petri,
622 3353 872 3418 Wintoniensis
895 3355 1061 3437 episcopi,

113 3470 232 3515 omnes
255 3452 431 3516 naturales
450 3454 554 3517 curiae
580 3472 653 3516 suae
672 3453 847 3516 ministros
871 3473 892 3516 a
913 3453 986 3516 suis
1007 3474 1061 3518 re·

113 3551 221 3616 movit
236 3551 367 3629 officiis,
385 3559 420 3615 et
439 3552 663 3617 Pictavenses
682 3559 866 3617 extraneos
889 3553 926 3614 in
942 3572 1061 3617 eorum

113 3652 310 3716 ministeriis
341 3653 556 3733 subrogavit.
606 3651 818 3716 Willelmum
850 3671 987 3734 quoque
1018 3653 1060 3717 de

114 3750 275 3829 Rodune,
289 3753 445 3829 militem,
467 3752 612 3834 expulit,
630 3752 689 3834 qui
702 3751 843 3815 incuria
859 3753 950 3832 regis
966 3752 1060 3816 vices

148 3949 302 4011 ¹Prosectus
318 3958 355 4002 est
370 3956 402 4002 ud
422 3957 500 4004 sedem
518 3971 575 4018 apro·
600 3957 644 4004 vix
666 3958 831 4018 recuperavit.
880 3957 951 4008 Quid
977 3962 1060 4006 autern

113 4020 242 4081 stellerae]
263 4024 500 4085 ‘Apudcivitatem
515 4027 573 4075 Pal·
602 4027 689 4075 Romae
723 4026 865 4088 profecerit,
899 4027 1063 4090 ignoratum*

114 4106 224 4140 mensem
238 4093 334 4153 jocalia
353 4097 379 4141 et
395 4108 519 4155 expensas
536 4095 576 4143 iti-
603 4095 671 4146 Ann.
683 4096 777 4146 Dunst.
789 4112 815 4158 p.
827 4101 885 4147 215.

116 4162 182 4210 neris
200 4162 330 4225 perdidit;
353 4165 417 4223 quas
439 4178 485 4225 pro
506 4170 577 4226 parte
