2864 4866
399 423 539 472 rnonns
562 424 831 474 nrsronrsnou.
1021 409 1086 475 133

134 579 209 645 dies
230 581 462 665 quadraginta
482 585 518 649 in
540 585 716 651 obsidione
737 584 940 669 peregisset,
960 590 1218 666 1111111111111.

137 679 179 744 de
200 683 449 748 consuetudine
471 683 656 750 Gallicana
677 686 852 750 licentiam
875 683 920 750 ad
941 686 1082 767 propria

134 783 322 847 remeandi.
373 783 439 849 Cui
455 805 532 849 cum
556 785 731 850 licentiam
751 806 814 850 rex
830 786 1010 862 vetuisset,
1028 807 1081 851 re-

135 881 276 964 spondit
298 902 425 962 comes,
444 885 548 968 quod,
568 887 670 950 factis
695 887 927 969 quadraginta
949 885 1080 950 dierum

135 983 304 1061 excubiis,
327 976 412 1048 ¹non
434 988 627 1063 tenebatur,
648 1006 712 1051 nec
733 987 855 1064 voluit,
878 986 1009 1051 diutius
1030 987 1080 1050 in-

133 1090 273 1148 teresse.
326 1083 405 1149 Rex
422 1093 539 1150 autem
556 1086 601 1151 ad
616 1086 691 1151 baec
708 1087 814 1150 nimia
828 1104 1015 1151 succensus
1027 1087 1080 1153 ira

136 1181 318 1250 affirmavit
332 1205 410 1249 cum
426 1185 638 1269 juramento,
655 1187 761 1269 quod,
778 1188 808 1251 si
824 1187 875 1251 ita
892 1186 1078 1265 recederet,

133 1284 208 1368 ipse
222 1291 349 1350 terram
365 1285 440 1371 ejus
450 1293 560 1351 totam
574 1287 732 1351 incendio
744 1288 954 1353 devastaret.
977 1287 1078 1353 Tunc

136 1404 260 1464 comes,
282 1392 323 1451 ut
340 1385 434 1450 fama
455 1386 572 1465 refert,
593 1388 794 1470 procuravit
815 1389 889 1471 regi
910 1407 1079 1453 venenum

135 1485 311 1568 propinari
334 1489 379 1553 ob
398 1507 548 1552 amorem
572 1488 703 1570 reginae
726 1488 813 1572 ejus,
836 1507 939 1570 quarn
959 1507 1079 1552 carna-

134 1704 249 1751 moras
265 1687 410 1753 ulterius
425 1696 563 1754 nectere
578 1708 648 1752 non
661 1688 810 1755 valebat.
863 1687 998 1753 Comite
1013 1689 1078 1771 igi-

134 1794 191 1851 tur
207 1787 325 1873 taliter
345 1791 537 1867 recedente,
558 1790 797 1855 infirmabatur
815 1809 879 1853 rex
904 1808 1014 1872 usque
1034 1789 1078 1853 ad

133 1886 419 1971 desperationem,
442 1899 476 1956 et
493 1897 707 1973 pervagante
729 1890 773 1954 ad
790 1889 911 1955 vitalia
927 1883 1078 1954 ²veneno

133 1988 333 2071 perducitur
362 1991 406 2054 ad
433 1998 615 2070 extrema3
642 1990 723 2054 licet
744 1990 804 2054 alii
833 1997 1001 2068 asserant,
1028 1989 1078 2072 ip-

134 2108 210 2153 sum
232 2108 302 2153 non
324 2108 468 2168 veneno,
491 2091 553 2155 sed
575 2091 695 2155 morbo
711 2091 939 2174 dysenterico,
962 2091 1079 2173 exspi-

134 2207 242 2253 rasse.
281 2188 422 2254 Mortuo
440 2210 578 2274 quoque
593 2211 687 2273 rege,
699 2190 879 2254 Romanus
890 2189 950 2273 qui
967 2191 1078 2255 adfuit

134 2290 333 2372 apostolicae
353 2291 444 2355 sedis
461 2291 612 2373 legatus,
629 2298 664 2354 et
678 2290 827 2373 praelati,
843 2291 902 2373 qui
922 2291 1078 2369 aderant,

133 2389 287 2474 ejusdem
309 2392 433 2455 secreti
461 2391 660 2466 consiliarii,
687 2397 832 2454 mortem
859 2391 951 2472 regis
973 2391 1079 2455 celari

133 2489 214 2555 fecit
230 2490 340 2555 donec
357 2492 481 2556 civitas
503 2491 721 2571 redderetur;
740 2491 834 2573 quia,
853 2491 883 2553 si
900 2492 950 2554 ita
964 2490 1077 2555 solve·

133 2597 227 2654 retur
243 2590 388 2670 obsidio,
405 2611 570 2674 magnum
591 2591 672 2656 inde
697 2590 897 2655 scandalum
918 2590 1077 2657 oriretur.

136 2690 257 2756 Finxit
287 2711 370 2775 ergo
404 2693 542 2775 legatus
576 2698 612 2756 et
644 2691 793 2775 praelati,
825 2691 885 2775 qui
923 2691 1078 2770 aderant,

132 2810 247 2873 regem
272 2793 372 2875 gravi
392 2793 592 2857 infirmitate
615 2791 803 2869 detentum,
821 2791 881 2854 sed
904 2810 949 2854 ex
972 2792 1078 2856 medi-

126 2911 252 2956 corum
275 2892 409 2976 judicio
435 2894 504 2958 cito
531 2892 784 2957 convaliturum
813 2891 984 2970 dicebant,
1018 2891 1077 2955 de·

134 2993 333 3058 nuntiantes
360 2994 573 3076 principibus
595 2993 782 3075 legionum,
804 2998 844 3055 ut
860 2993 978 3056 urbem
996 2991 1077 3055 viri·

132 3092 211 3156 liter
224 3093 479 3175 impugnarent.
532 3092 667 3175 Corpus
685 3100 800 3157 autem
818 3091 970 3154 defuncti
986 3091 1078 3171 regis

132 3191 288 3257 fecerunt
315 3194 425 3257 multo
457 3194 530 3256 sale
559 3193 702 3271 condiri,
728 3193 822 3256 etin
854 3190 993 3255 abbatia
1018 3190 1079 3255 illa

132 3293 267 3357 viscera
288 3292 498 3357 tumulantes
528 3292 696 3375 reliquum
719 3311 845 3374 corpus
874 3291 1080 3354 linteamini-

170 3463 248 3517 ¹Non
259 3467 405 3533 tenebatur]
421 3468 553 3532 Although
565 3469 591 3517 in
616 3468 693 3518 luded
710 3473 746 3530 to,
762 3468 785 3516 is
802 3467 877 3515 silent
893 3480 922 3514 as
937 3470 963 3515 to
979 3465 1022 3515 the
1038 3481 1077 3515 re·

134 3537 253 3598 ordinary
263 3553 336 3588 cases
352 3539 394 3588 the
411 3539 475 3602 king
492 3538 543 3588 bad
559 3553 592 3587 no
617 3545 674 3600 port
684 3537 738 3586 that
749 3537 828 3585 Leuis
841 3536 892 3585 had
903 3535 963 3584 died
975 3537 1009 3597 by
1020 3537 1077 3598 poi·

79 3672 81 3676 .
133 3607 230 3658 further
252 3607 375 3658 eleimon
396 3609 438 3659 his
453 3611 537 3659 vercel
554 3609 592 3658 for
618 3623 678 3667 son;
695 3607 832 3668 according
842 3612 868 3655 to
878 3607 940 3668 him,
950 3606 992 3655 the
1004 3612 1078 3655 event

133 3679 244 3740 military
259 3680 356 3729 service
373 3680 473 3741 beyond
487 3680 554 3741 forty
565 3693 594 3727 or
617 3678 675 3727 took
690 3679 763 3740 place
775 3677 839 3727 after
849 3677 891 3725 the
908 3677 1042 3727 surrender
1051 3677 1080 3726 of

134 3748 189 3814 fifty
204 3750 279 3814 days,
299 3754 342 3812 yet
357 3750 379 3799 it
393 3750 481 3799 would
498 3764 594 3811 appear
618 3748 745 3811 Arignon.
787 3741 949 3796 Weudover's
972 3752 1079 3796 account

133 3820 231 3871 11111111
241 3820 284 3869 the
295 3821 412 3871 occasion
423 3820 452 3869 of
460 3835 476 3869 a
487 3819 593 3868 cmsade
618 3819 650 3882 is,
659 3819 785 3879 however,
793 3819 869 3867 borne
881 3821 926 3865 out
935 3818 968 3878 by
975 3816 1079 3867 Ricard.

132 3890 236 3955 knights
252 3905 318 3940 were
334 3889 477 3951 forbidden,
487 3890 595 3939 without
618 3888 650 3938 de
666 3890 692 3940 S.
705 3889 842 3949 Germano,
857 3902 873 3936 a
889 3891 1080 3949 contemporary

133 3961 245 4024 especial
261 3961 344 4022 leave,
354 3965 380 4009 to
397 3959 513 4010 abendon
529 3961 595 4009 their
619 3959 750 4019 historiari,
761 3958 847 4007 whose
859 3957 943 4006 words
955 3970 1008 4017 are,
1019 3957 1081 4005 ‘ubi

132 4031 285 4094 sovereign3
312 4031 356 4080 Fr.
378 4031 505 4081 Translat.
528 4031 594 4079 Mat.
619 4035 766 4090 venenatus,
774 4033 803 4076 ut
811 4027 913 4089 dicitur,
921 4022 1083 4084 obiit;’Mu·

132 4102 194 4155 Par.
206 4117 244 4152 111
256 4116 283 4162 p.
295 4093 427 4163 62011111.
620 4105 694 4150 rator.
717 4105 776 4148 tom.
789 4099 833 4148 vii.
853 4097 902 4146 col.
920 4100 993 4146 1⁰⁰⁰.
1028 4096 1082 4145 'l'be

161 4170 594 4236 'Venenoperdrreiturodextremo.]
620 4170 717 4219 Annals
739 4168 768 4218 of
783 4168 917 4229 Waverley
936 4166 987 4215 aud
1009 4167 1083 4217 Duu-

131 4243 185 4293 'l‘he
197 4242 295 4294 Freneh
309 4241 457 4306 ebronieler‚
468 4242 547 4291 above
559 4242 595 4291 el-
621 4241 702 4290 stable
714 4239 800 4289 allude
811 4243 837 4287 to
848 4237 890 4286 the
901 4251 970 4287 same
981 4241 1074 4300 report.
