2864 4866
417 407 557 456 neonus
581 409 851 457 rnsrorunauu.
1064 391 1106 456 ll

158 563 254 628 simis
282 565 518 648 mancipavit;
553 565 597 628 ad
630 566 757 630 ostium
787 586 924 650 quoque
952 567 1245 631 ecclesiam-121⁷·

157 665 251 729 beati
274 664 405 730 Albani
430 666 638 730 servientem
667 665 846 748 quendam
867 667 909 730 de
934 668 1031 731 curia
1055 668 1107 731 in·

158 764 306 842 terfecit,
328 765 372 829 ad
398 765 578 830 ecclesiam
603 765 724 847 sugere
746 767 962 850 cupientem
989 775 1024 832 et
1044 767 1106 845 sio,

157 883 262 948 opere
294 864 426 929 nefario
456 885 478 929 a
503 866 671 930 ministris
697 865 825 931 diaboli
856 875 1107 944 consummato,

158 965 278 1029 abbati
303 965 480 1029 Willelmo
510 965 735 1048 significavit,
764 975 804 1031 ut
827 967 891 1030 sub
920 969 1013 1031 omni
1041 969 1109 1031 fes-

159 1065 328 1129 tinatione
368 1065 521 1130 mitteret
555 1067 587 1129 ei
628 1074 766 1130 centum
810 1067 917 1130 libras
960 1069 1107 1149 argenti,

159 1165 313 1248 alioquin
350 1166 425 1248 ipsc
460 1165 589 1250 injecto
620 1166 701 1249 igne
730 1167 849 1231 villam
884 1172 993 1231 totam
1029 1187 1108 1231 cum

158 1266 235 1349 ipso
262 1266 472 1330 monasterio
502 1274 537 1331 et
562 1266 635 1329 suis
661 1266 818 1330 'aedificiis
849 1266 943 1330 illico
967 1287 1108 1332 concre-

159 1373 281 1430 maret.
326 1363 448 1430 Ahhas
467 1385 550 1431 vero
567 1374 647 1449 post
662 1367 790 1432 multas
806 1367 1107 1444 contradictiones,

160 1465 254 1530 aliud
277 1486 348 1530 non
373 1467 504 1530 hahens
529 1467 729 1544 remedium,
749 1468 929 1550 pecuniam
952 1468 1108 1549 postula·

160 1572 230 1629 tam
252 1567 433 1630 concessit.
486 1565 621 1645 Quibus
641 1567 691 1630 ita
713 1567 833 1648 gestia,
854 1566 966 1630 dictus
987 1568 1107 1631 Falcu-

160 1667 232 1730 sius
266 1685 344 1730 cum
376 1667 448 1729 suis
476 1666 698 1749 praedonibus
727 1667 1046 1744 excommunicatis,
1073 1674 1109 1731 et

160 1765 279 1848 spoliis
306 1765 409 1829 nimis
435 1767 610 1830 damnosis
637 1767 852 1850 turpiterque
873 1767 999 1831 vinctis
1027 1788 1109 1849 cap-

160 1865 241 1930 tivis
259 1872 294 1930 et
309 1866 480 1943 abductis,
498 1866 541 1930 ad
556 1866 735 1931 castellum
752 1867 795 1931 de
818 1866 989 1931 Bodoford
1005 1867 1107 1931 citius

159 1965 380 2045 convolavit3
416 1965 539 2030 deinde
560 1984 640 2030 cum
663 1967 755 2031 omni
777 1967 997 2031 multitudine
1020 1986 1108 2049 prae-

159 2065 252 2130 dicta
280 2065 324 2129 ad
351 2064 517 2130 forestam
540 2064 583 2130 do
605 2066 809 2148 Walhergia
835 2084 1025 2149 properans
1050 2087 1107 2131 cc-

158 2165 211 2248 pit
240 2166 288 2229 ibi
321 2164 499 2247 Rogerum
532 2165 575 2229 do
606 2164 801 2244 Collevilla,
834 2174 870 2230 et
894 2166 974 2249 plus
1002 2185 1107 2249 quam

159 2265 344 2347 sexaginta
361 2284 437 2329 cum
460 2285 502 2330 eo
523 2265 665 2330 clericos
688 2272 723 2330 et
738 2265 846 2330 laicos
866 2266 908 2330 de
928 2266 1107 2349 prouincia

157 2365 231 2443 illa,
249 2365 308 2448 qui
322 2365 451 2448 praedae
468 2383 575 2429 causa
590 2358 732 2430 ¹ihidem
749 2366 917 2431 latebant.

157 2540 206 2604 Do
222 2539 338 2625 truncis
358 2539 484 2604 statutis
505 2539 586 2603 iuter
600 2561 696 2626 rocem
710 2540 835 2627 Aoyliae
855 2549 883 2605 ct
899 2539 1107 2606 Lodowicum.

210 2662 314 2727 Circa
341 2664 478 2728 eosdem
503 2664 577 2729 dies
604 2665 716 2730 nuntii
743 2666 930 2745 Lodowici,
955 2666 1015 2749 qui
1043 2685 1106 2748 pro
1120 2674 1249 2714 rmcewru

159 2782 200 2827 eo
222 2769 393 2827 steterunt
416 2764 452 2827 in
476 2765 572 2828 curia
597 2765 768 2843 Romana,
791 2767 901 2830 eidem
922 2726 1191 2831 LodowicoL⁰u¹⁸'

160 2863 458 2945 significaverunt,
493 2865 599 2946 quod,
637 2867 704 2930 nisi
740 2867 853 2930 exiret
887 2867 931 2930 ab
964 2865 1106 2949 Anglia,

159 2964 331 3027 sententia
357 2965 737 3043 excommunicationis
760 2985 864 3049 quam
885 2966 989 3031 Walo
1009 2965 1105 3048 lega-

160 3069 217 3126 tus
240 3063 277 3126 in
302 3082 380 3126 eum
402 3063 543 3141 tulerat,
565 3063 601 3128 in
623 3065 679 3129 die
701 3064 822 3129 Coenae
846 3065 1107 3130 confirmaretur

159 3181 182 3226 a
208 3181 311 3245 papa.
379 3162 459 3226 Hac
488 3164 608 3247 itaque
640 3164 682 3229 de
716 3184 823 3229 causa
853 3171 994 3229 statutae
1026 3172 1127 3236 sunt¹

160 3254 309 3344 treugae²
339 3263 430 3327 inter
461 3263 684 3329 Lodowicum
710 3272 746 3329 et
769 3284 885 3347 rogem
915 3264 1106 3329 chricum

159 3381 268 3445 usque
301 3361 345 3426 ad
376 3382 528 3432 mensem
556 3364 599 3429 de
630 3365 779 3442 Pascha,
812 3366 862 3429 ita
895 3366 1039 3442 scilicet,
1067 3373 1108 3430 ut

159 3462 276 3526 omnia
298 3471 499 3528 remaneant
525 3464 561 3527 in
593 3484 634 3529 eo
667 3471 775 3543 statu,
807 3484 876 3548 quo
905 3465 1044 3530 fuerunt
1071 3466 1107 3529 in

160 3562 216 3625 die
241 3581 311 3644 quo
338 3562 466 3646 juratae
491 3563 631 3630 fuerunt
661 3572 805 3647 treugae,
832 3567 869 3630 in
897 3566 1048 3631 castellis
1072 3572 1108 3629 et

159 3662 262 3726 rebus
296 3661 386 3741 aliis,
424 3683 534 3747 usquc
568 3664 612 3728 ad
647 3667 830 3729 terminum
869 3667 1106 3730 constitutum.

196 3835 307 3888 'Ibidem
317 3838 445 3902 latebunt]
465 3840 542 3888 Paris
559 3839 623 3888 adds
648 3843 791 3891 restitution
802 3842 830 3891 οἰ
837 3842 908 3891 what
917 3841 949 3892 he
966 3840 1017 3890 had
1033 3841 1109 3902 plun-

160 3913 257 3969 astory
267 3909 296 3958 ol
309 3924 326 3958 a
336 3909 427 3966 vision,
443 3910 479 3971 by
489 3909 574 3959 which
591 3909 623 3959 he
648 3912 726 3962 dered
742 3912 806 3961 from
818 3913 860 3961 the
877 3913 975 3972 ahbey3
993 3913 1038 3959 hut
1048 3910 1109 3972 this,

160 3993 216 4028 was
232 3979 322 4029 moved
338 3983 364 4028 to
381 3993 413 4041 go
429 3983 456 4028 to
473 3979 500 4029 S.
514 3979 623 4029 Albau’s
648 3997 678 4032 as
688 3984 709 4031 it
720 3996 838 4045 appears,
848 3997 904 4031 was
915 3997 947 4031 no
960 3980 1056 4042 partos
1068 3981 1109 4030 his

161 4049 212 4098 and
233 4050 283 4111 heg
305 4049 343 4099 lor
366 4049 518 4112 absolutior,
536 4050 622 4098 which
648 4053 778 4102 intention.

160 4133 216 4170 was
233 4119 338 4181 granted
354 4118 416 4182 him,
426 4134 458 4168 on
470 4120 512 4169 the
529 4134 623 4181 suppo-

162 4191 238 4240 sition
249 4189 304 4238 that
315 4190 347 4239 he
358 4190 446 4240 would
462 4190 537 4239 make
555 4205 622 4239 some
683 4185 692 4214 ²
703 4185 831 4250 Treugm]
854 4187 957 4249 Rymer,
968 4186 985 4237 i.
997 4201 1023 4247 p.
1036 4189 1093 4236 147.
