<?xml version="1.0" encoding="UTF-8"?>
<!DOCTYPE html PUBLIC "-//W3C//DTD XHTML 1.0 Transitional//EN"
    "http://www.w3.org/TR/xhtml1/DTD/xhtml1-transitional.dtd">
<html xmlns="http://www.w3.org/1999/xhtml" xml:lang="en" lang="en">
 <head>
  <title>
</title>
<meta http-equiv="Content-Type" content="text/html;charset=utf-8" />
  <meta name='ocr-system' content='tesseract 3.04.00' />
  <meta name='ocr-capabilities' content='ocr_page ocr_carea ocr_par ocr_line ocrx_word'/>
</head>
<body>
  <div class='ocr_page' id='page_1' title='image "./rogeridewendove03rogegoog_0041.png"; bbox 0 0 2864 4866; ppageno 0'>
   <div class='ocr_carea' id='block_1_1' title="bbox 345 400 1040 464">
    <p class='ocr_par' dir='ltr' id='par_1_1' title="bbox 345 400 1040 464">
     <span class='ocr_line' id='line_1_1' title="bbox 345 400 1040 464; baseline -0.007 0"><span class='ocrx_word' id='word_1_1' title='bbox 345 400 388 464; x_wconf 86' lang='lat'>30</span> <span class='ocrx_word' id='word_1_2' title='bbox 600 414 734 462; x_wconf 85' lang='lat' dir='ltr'>noennr</span> <span class='ocrx_word' id='word_1_3' title='bbox 763 415 809 461; x_wconf 87' lang='lat' dir='ltr'>nn</span> <span class='ocrx_word' id='word_1_4' title='bbox 835 413 1040 462; x_wconf 81' lang='lat' dir='ltr'>wnvnovnn</span> 
     </span>
    </p>
   </div>
   <div class='ocr_carea' id='block_1_2' title="bbox 182 571 1298 1859">
    <p class='ocr_par' dir='ltr' id='par_1_2' title="bbox 182 571 1298 1859">
     <span class='ocr_line' id='line_1_2' title="bbox 182 571 1298 657; baseline -0.004 -16"><span class='ocrx_word' id='word_1_5' title='bbox 182 590 237 630; x_wconf 59' lang='grc' dir='ltr'>Δ».</span> <span class='ocrx_word' id='word_1_6' title='bbox 250 589 306 630; x_wconf 82' lang='lat'><strong>1²1⁷·</strong></span> <span class='ocrx_word' id='word_1_7' title='bbox 345 575 438 653; x_wconf 88' lang='lat' dir='ltr'>thus,</span> <span class='ocrx_word' id='word_1_8' title='bbox 463 574 525 652; x_wconf 88' lang='lat' dir='ltr'>ait,</span> <span class='ocrx_word' id='word_1_9' title='bbox 547 573 764 657; x_wconf 84' lang='lat' dir='ltr'>‘Nunquam</span> <span class='ocrx_word' id='word_1_10' title='bbox 787 573 830 637; x_wconf 90' lang='lat' dir='ltr'>de</span> <span class='ocrx_word' id='word_1_11' title='bbox 856 580 982 638; x_wconf 83' lang='lat' dir='ltr'>caetero</span> <span class='ocrx_word' id='word_1_12' title='bbox 1002 571 1100 636; x_wconf 79' lang='lat' dir='ltr'>salsis</span> <span class='ocrx_word' id='word_1_13' title='bbox 1124 572 1194 636; x_wconf 89' lang='lat' dir='ltr'>tuis</span> <span class='ocrx_word' id='word_1_14' title='bbox 1215 591 1298 654; x_wconf 89' lang='lat' dir='ltr'>pro-</span> 
     </span>
     <span class='ocr_line' id='line_1_3' title="bbox 347 672 1294 757; baseline -0.001 -19"><span class='ocrx_word' id='word_1_15' title='bbox 347 675 566 739; x_wconf 85' lang='lat' dir='ltr'>missionibus</span> <span class='ocrx_word' id='word_1_16' title='bbox 598 692 796 757; x_wconf 85' lang='lat' dir='ltr'><strong>quenquam</strong></span> <span class='ocrx_word' id='word_1_17' title='bbox 826 675 863 738; x_wconf 93' lang='lat' dir='ltr'>in</span> <span class='ocrx_word' id='word_1_18' title='bbox 889 672 956 737; x_wconf 92' lang='lat' dir='ltr'>hoc</span> <span class='ocrx_word' id='word_1_19' title='bbox 987 672 1104 737; x_wconf 89' lang='lat' dir='ltr'>seculo</span> <span class='ocrx_word' id='word_1_20' title='bbox 1138 672 1294 751; x_wconf 84' lang='lat' dir='ltr'>seduces,</span> 
     </span>
     <span class='ocr_line' id='line_1_4' title="bbox 346 772 1297 859; baseline -0.001 -21"><span class='ocrx_word' id='word_1_21' title='bbox 346 775 503 859; x_wconf 86' lang='lat' dir='ltr'>proditor</span> <span class='ocrx_word' id='word_1_22' title='bbox 520 775 728 858; x_wconf 88' lang='lat' dir='ltr'>nequissime</span> <span class='ocrx_word' id='word_1_23' title='bbox 740 774 766 854; x_wconf 82' lang='lat'>3&#39;</span> <span class='ocrx_word' id='word_1_24' title='bbox 786 775 890 838; x_wconf 87' lang='lat' dir='ltr'>etsie</span> <span class='ocrx_word' id='word_1_25' title='bbox 909 773 1033 837; x_wconf 88' lang='lat' dir='ltr'>educto</span> <span class='ocrx_word' id='word_1_26' title='bbox 1050 772 1167 854; x_wconf 91' lang='lat' dir='ltr'>gladio</span> <span class='ocrx_word' id='word_1_27' title='bbox 1189 781 1297 855; x_wconf 87' lang='lat' dir='ltr'>caput</span> 
     </span>
     <span class='ocr_line' id='line_1_5' title="bbox 346 873 1296 960; baseline 0.001 -22"><span class='ocrx_word' id='word_1_28' title='bbox 346 875 422 960; x_wconf 75' lang='lat' dir='ltr'>eJus</span> <span class='ocrx_word' id='word_1_29' title='bbox 443 875 649 957; x_wconf 89' lang='lat' dir='ltr'>amputavit.</span> <span class='ocrx_word' id='word_1_30' title='bbox 701 874 822 956; x_wconf 91' lang='lat' dir='ltr'>Spolia</span> <span class='ocrx_word' id='word_1_31' title='bbox 840 874 958 956; x_wconf 87' lang='lat' dir='ltr'>itaque</span> <span class='ocrx_word' id='word_1_32' title='bbox 977 873 1116 937; x_wconf 89' lang='lat' dir='ltr'>navium</span> <span class='ocrx_word' id='word_1_33' title='bbox 1137 873 1174 936; x_wconf 93' lang='lat' dir='ltr'>in</span> <span class='ocrx_word' id='word_1_34' title='bbox 1196 891 1296 952; x_wconf 90' lang='lat' dir='ltr'>auro,</span> 
     </span>
     <span class='ocr_line' id='line_1_6' title="bbox 346 973 1298 1058; baseline -0.001 -19"><span class='ocrx_word' id='word_1_35' title='bbox 346 983 503 1058; x_wconf 87' lang='lat' dir='ltr'>argento,</span> <span class='ocrx_word' id='word_1_36' title='bbox 527 975 651 1057; x_wconf 89' lang='lat' dir='ltr'>pannis</span> <span class='ocrx_word' id='word_1_37' title='bbox 674 975 793 1038; x_wconf 88' lang='lat' dir='ltr'>sericis</span> <span class='ocrx_word' id='word_1_38' title='bbox 821 981 856 1039; x_wconf 89' lang='lat' dir='ltr'>et</span> <span class='ocrx_word' id='word_1_39' title='bbox 878 975 983 1037; x_wconf 88' lang='lat' dir='ltr'>armis</span> <span class='ocrx_word' id='word_1_40' title='bbox 1009 973 1222 1055; x_wconf 86' lang='lat' dir='ltr'>collegerunt</span> <span class='ocrx_word' id='word_1_41' title='bbox 1241 994 1298 1038; x_wconf 89' lang='lat' dir='ltr'>re·</span> 
     </span>
     <span class='ocr_line' id='line_1_7' title="bbox 345 1074 1296 1158; baseline 0 -19"><span class='ocrx_word' id='word_1_42' title='bbox 345 1076 443 1158; x_wconf 90' lang='lat' dir='ltr'>gales</span> <span class='ocrx_word' id='word_1_43' title='bbox 466 1075 636 1154; x_wconf 83' lang='lat' dir='ltr'>ministri3</span> <span class='ocrx_word' id='word_1_44' title='bbox 668 1081 783 1158; x_wconf 90' lang='lat' dir='ltr'>atque,</span> <span class='ocrx_word' id='word_1_45' title='bbox 807 1075 1005 1158; x_wconf 87' lang='lat' dir='ltr'>prisonibus</span> <span class='ocrx_word' id='word_1_46' title='bbox 1027 1075 1091 1138; x_wconf 89' lang='lat' dir='ltr'>sub</span> <span class='ocrx_word' id='word_1_47' title='bbox 1113 1074 1212 1138; x_wconf 89' lang='lat' dir='ltr'>salvo</span> <span class='ocrx_word' id='word_1_48' title='bbox 1234 1074 1296 1139; x_wconf 89' lang='lat' dir='ltr'>de-</span> 
     </span>
     <span class='ocr_line' id='line_1_8' title="bbox 345 1173 1295 1258; baseline 0.001 -19"><span class='ocrx_word' id='word_1_49' title='bbox 345 1176 491 1258; x_wconf 90' lang='lat' dir='ltr'>putatis,</span> <span class='ocrx_word' id='word_1_50' title='bbox 511 1175 722 1257; x_wconf 88' lang='lat' dir='ltr'>significavit</span> <span class='ocrx_word' id='word_1_51' title='bbox 746 1175 819 1257; x_wconf 87' lang='lat' dir='ltr'>regi</span> <span class='ocrx_word' id='word_1_52' title='bbox 851 1175 1035 1257; x_wconf 86' lang='lat' dir='ltr'>Philippus</span> <span class='ocrx_word' id='word_1_53' title='bbox 1060 1174 1103 1239; x_wconf 89' lang='lat' dir='ltr'>de</span> <span class='ocrx_word' id='word_1_54' title='bbox 1125 1173 1295 1240; x_wconf 92' lang='lat' dir='ltr'>Albeneio</span> 
     </span>
     <span class='ocr_line' id='line_1_9' title="bbox 345 1274 1298 1359; baseline -0.001 -19"><span class='ocrx_word' id='word_1_55' title='bbox 345 1295 425 1358; x_wconf 85' lang='lat' dir='ltr'>quae</span> <span class='ocrx_word' id='word_1_56' title='bbox 448 1282 551 1358; x_wconf 86' lang='lat' dir='ltr'>gesta</span> <span class='ocrx_word' id='word_1_57' title='bbox 571 1275 721 1352; x_wconf 86' lang='lat' dir='ltr'>fuerant,</span> <span class='ocrx_word' id='word_1_58' title='bbox 744 1276 803 1359; x_wconf 91' lang='lat' dir='ltr'>qui</span> <span class='ocrx_word' id='word_1_59' title='bbox 820 1294 883 1358; x_wconf 86' lang='lat' dir='ltr'>pro</span> <span class='ocrx_word' id='word_1_60' title='bbox 905 1275 1052 1340; x_wconf 87' lang='lat' dir='ltr'>victoria</span> <span class='ocrx_word' id='word_1_61' title='bbox 1073 1274 1139 1338; x_wconf 91' lang='lat' dir='ltr'>sibi</span> <span class='ocrx_word' id='word_1_62' title='bbox 1161 1275 1298 1340; x_wconf 70' lang='lat' dir='ltr'>caelitus</span> 
     </span>
     <span class='ocr_line' id='line_1_10' title="bbox 344 1374 1294 1458; baseline -0.001 -18"><span class='ocrx_word' id='word_1_63' title='bbox 344 1395 511 1441; x_wconf 90' lang='lat' dir='ltr'>concessa</span> <span class='ocrx_word' id='word_1_64' title='bbox 550 1377 737 1440; x_wconf 88' lang='lat' dir='ltr'>Dominum</span> <span class='ocrx_word' id='word_1_65' title='bbox 779 1374 999 1458; x_wconf 87' lang='lat' dir='ltr'>glorificavit,</span> <span class='ocrx_word' id='word_1_66' title='bbox 1031 1375 1091 1458; x_wconf 92' lang='lat' dir='ltr'>qui</span> <span class='ocrx_word' id='word_1_67' title='bbox 1124 1374 1160 1438; x_wconf 93' lang='lat' dir='ltr'>in</span> <span class='ocrx_word' id='word_1_68' title='bbox 1190 1376 1294 1439; x_wconf 89' lang='lat' dir='ltr'>rebus</span> 
     </span>
     <span class='ocr_line' id='line_1_11' title="bbox 345 1473 1295 1559; baseline 0.001 -22"><span class='ocrx_word' id='word_1_69' title='bbox 345 1475 503 1540; x_wconf 88' lang='lat' dir='ltr'>humanis</span> <span class='ocrx_word' id='word_1_70' title='bbox 523 1494 658 1558; x_wconf 90' lang='lat' dir='ltr'>semper</span> <span class='ocrx_word' id='word_1_71' title='bbox 680 1483 734 1540; x_wconf 90' lang='lat' dir='ltr'>est</span> <span class='ocrx_word' id='word_1_72' title='bbox 751 1484 786 1539; x_wconf 91' lang='lat' dir='ltr'>et</span> <span class='ocrx_word' id='word_1_73' title='bbox 801 1476 928 1558; x_wconf 91' lang='lat' dir='ltr'>ubique</span> <span class='ocrx_word' id='word_1_74' title='bbox 949 1475 1129 1539; x_wconf 87' lang='lat' dir='ltr'>mirabilis.</span> <span class='ocrx_word' id='word_1_75' title='bbox 1174 1473 1295 1559; x_wconf 90' lang='lat' dir='ltr'>Hujus</span> 
     </span>
     <span class='ocr_line' id='line_1_12' title="bbox 344 1575 1294 1641; baseline -0.002 -1"><span class='ocrx_word' id='word_1_76' title='bbox 344 1583 462 1640; x_wconf 87' lang='lat' dir='ltr'>autem</span> <span class='ocrx_word' id='word_1_77' title='bbox 494 1576 545 1639; x_wconf 91' lang='lat' dir='ltr'>rei</span> <span class='ocrx_word' id='word_1_78' title='bbox 572 1583 718 1641; x_wconf 87' lang='lat' dir='ltr'>eventus</span> <span class='ocrx_word' id='word_1_79' title='bbox 747 1595 826 1639; x_wconf 93' lang='lat' dir='ltr'>cum</span> <span class='ocrx_word' id='word_1_80' title='bbox 854 1576 898 1639; x_wconf 88' lang='lat' dir='ltr'>ad</span> <span class='ocrx_word' id='word_1_81' title='bbox 927 1575 1103 1640; x_wconf 88' lang='lat' dir='ltr'>Lodowici</span> <span class='ocrx_word' id='word_1_82' title='bbox 1134 1575 1294 1639; x_wconf 80' lang='lat' dir='ltr'>notitiam</span> 
     </span>
     <span class='ocr_line' id='line_1_13' title="bbox 344 1675 1295 1759; baseline -0.002 -19"><span class='ocrx_word' id='word_1_83' title='bbox 344 1676 571 1759; x_wconf 88' lang='lat' dir='ltr'>pervenisset,</span> <span class='ocrx_word' id='word_1_84' title='bbox 599 1675 709 1741; x_wconf 91' lang='lat' dir='ltr'>multo</span> <span class='ocrx_word' id='word_1_85' title='bbox 739 1675 863 1740; x_wconf 85' lang='lat' dir='ltr'>fortius</span> <span class='ocrx_word' id='word_1_86' title='bbox 894 1676 1006 1740; x_wconf 91' lang='lat' dir='ltr'>doluit</span> <span class='ocrx_word' id='word_1_87' title='bbox 1031 1694 1134 1758; x_wconf 90' lang='lat' dir='ltr'>quam</span> <span class='ocrx_word' id='word_1_88' title='bbox 1167 1676 1210 1740; x_wconf 92' lang='lat' dir='ltr'>de</span> <span class='ocrx_word' id='word_1_89' title='bbox 1240 1675 1295 1738; x_wconf 93' lang='lat' dir='ltr'>in-</span> 
     </span>
     <span class='ocr_line' id='line_1_14' title="bbox 344 1775 1123 1859; baseline 0.001 -20"><span class='ocrx_word' id='word_1_90' title='bbox 344 1777 496 1841; x_wconf 83' lang='lat' dir='ltr'>fortunio</span> <span class='ocrx_word' id='word_1_91' title='bbox 519 1777 584 1851; x_wconf 90' lang='lat' dir='ltr'>sibi</span> <span class='ocrx_word' id='word_1_92' title='bbox 603 1776 695 1859; x_wconf 89' lang='lat' dir='ltr'>apud</span> <span class='ocrx_word' id='word_1_93' title='bbox 716 1775 933 1840; x_wconf 87' lang='lat' dir='ltr'>Lincolniam</span> <span class='ocrx_word' id='word_1_94' title='bbox 955 1777 1123 1858; x_wconf 86' lang='lat' dir='ltr'>irrogato.</span> 
     </span>
    </p>
   </div>
   <div class='ocr_carea' id='block_1_3' title="bbox 387 1950 1250 2137">
    <p class='ocr_par' dir='ltr' id='par_1_3' title="bbox 387 1950 1250 2137">
     <span class='ocr_line' id='line_1_15' title="bbox 387 1950 1250 2038; baseline 0.005 -25"><span class='ocrx_word' id='word_1_95' title='bbox 387 1950 436 2014; x_wconf 82' lang='lat' dir='ltr'>De</span> <span class='ocrx_word' id='word_1_96' title='bbox 443 1971 527 2037; x_wconf 77' lang='lat' dir='ltr'>paco</span> <span class='ocrx_word' id='word_1_97' title='bbox 542 1959 570 2016; x_wconf 78' lang='lat' dir='ltr'>et</span> <span class='ocrx_word' id='word_1_98' title='bbox 585 1950 749 2016; x_wconf 71' lang='lat' dir='ltr'>concordio</span> <span class='ocrx_word' id='word_1_99' title='bbox 756 1950 852 2036; x_wconf 81' lang='lat' dir='ltr'>facto</span> <span class='ocrx_word' id='word_1_100' title='bbox 868 1951 951 2015; x_wconf 78' lang='lat' dir='ltr'>iuter</span> <span class='ocrx_word' id='word_1_101' title='bbox 966 1950 1139 2016; x_wconf 65' lang='lat' dir='ltr'>Hebraea</span> <span class='ocrx_word' id='word_1_102' title='bbox 1153 1971 1250 2038; x_wconf 75' lang='lat' dir='ltr'>repom</span> 
     </span>
     <span class='ocr_line' id='line_1_16' title="bbox 621 2050 1016 2137; baseline 0.003 -23"><span class='ocrx_word' id='word_1_103' title='bbox 621 2050 747 2137; x_wconf 61' lang='lat' dir='ltr'>Acylla</span> <span class='ocrx_word' id='word_1_104' title='bbox 762 2061 791 2115; x_wconf 78' lang='lat' dir='ltr'>ct</span> <span class='ocrx_word' id='word_1_105' title='bbox 807 2050 1016 2116; x_wconf 75' lang='lat' dir='ltr'>Lodowicum.</span> 
     </span>
    </p>
   </div>
   <div class='ocr_carea' id='block_1_4' title="bbox 300 2175 1293 2359">
    <p class='ocr_par' dir='ltr' id='par_1_4' title="bbox 300 2175 1293 2359">
     <span class='ocr_line' id='line_1_17' title="bbox 397 2175 1293 2258; baseline 0.002 -19"><span class='ocrx_word' id='word_1_106' title='bbox 397 2175 650 2240; x_wconf 89' lang='lat' dir='ltr'>Mareschallus</span> <span class='ocrx_word' id='word_1_107' title='bbox 662 2175 781 2257; x_wconf 93' lang='lat' dir='ltr'>igitur,</span> <span class='ocrx_word' id='word_1_108' title='bbox 799 2175 891 2258; x_wconf 81' lang='lat' dir='ltr'>regis</span> <span class='ocrx_word' id='word_1_109' title='bbox 910 2182 945 2240; x_wconf 91' lang='lat' dir='ltr'>et</span> <span class='ocrx_word' id='word_1_110' title='bbox 958 2176 1055 2258; x_wconf 89' lang='lat' dir='ltr'>regni</span> <span class='ocrx_word' id='word_1_111' title='bbox 1071 2182 1195 2254; x_wconf 89' lang='lat' dir='ltr'>rector,</span> <span class='ocrx_word' id='word_1_112' title='bbox 1208 2196 1293 2241; x_wconf 92' lang='lat' dir='ltr'>con·</span> 
     </span>
     <span class='ocr_line' id='line_1_18' title="bbox 300 2253 1293 2359; baseline 0.003 -20"><span class='ocrx_word' id='word_1_113' title='bbox 300 2253 313 2292; x_wconf 71' lang='lat'><em>⁷</em></span> <span class='ocrx_word' id='word_1_114' title='bbox 346 2278 506 2359; x_wconf 79' lang='lat' dir='ltr'>gregavit</span> <span class='ocrx_word' id='word_1_115' title='bbox 527 2276 717 2342; x_wconf 85' lang='lat' dir='ltr'>exercitum</span> <span class='ocrx_word' id='word_1_116' title='bbox 745 2276 912 2358; x_wconf 84' lang='lat' dir='ltr'>grandem</span> <span class='ocrx_word' id='word_1_117' title='bbox 933 2276 1080 2341; x_wconf 91' lang='lat' dir='ltr'>militum</span> <span class='ocrx_word' id='word_1_118' title='bbox 1105 2277 1235 2359; x_wconf 90' lang='lat' dir='ltr'>pariter</span> <span class='ocrx_word' id='word_1_119' title='bbox 1257 2286 1293 2342; x_wconf 91' lang='lat' dir='ltr'>et</span> 
     </span>
    </p>
   </div>
   <div class='ocr_carea' id='block_1_5' title="bbox 333 2376 1319 4266">
    <p class='ocr_par' dir='ltr' id='par_1_5' title="bbox 333 2376 1319 4266">
     <span class='ocr_line' id='line_1_19' title="bbox 346 2376 1292 2460; baseline 0.001 -20"><span class='ocrx_word' id='word_1_120' title='bbox 346 2377 522 2455; x_wconf 92' lang='lat' dir='ltr'>clientum,</span> <span class='ocrx_word' id='word_1_121' title='bbox 550 2384 656 2460; x_wconf 87' lang='lat' dir='ltr'>atque</span> <span class='ocrx_word' id='word_1_122' title='bbox 679 2378 716 2440; x_wconf 93' lang='lat' dir='ltr'>in</span> <span class='ocrx_word' id='word_1_123' title='bbox 743 2376 946 2441; x_wconf 85' lang='lat' dir='ltr'>fortitudine</span> <span class='ocrx_word' id='word_1_124' title='bbox 974 2376 1074 2458; x_wconf 82' lang='lat' dir='ltr'>gravi</span> <span class='ocrx_word' id='word_1_125' title='bbox 1098 2376 1142 2440; x_wconf 89' lang='lat' dir='ltr'>ad</span> <span class='ocrx_word' id='word_1_126' title='bbox 1172 2378 1292 2441; x_wconf 88' lang='lat' dir='ltr'>urbem</span> 
     </span>
     <span class='ocr_line' id='line_1_20' title="bbox 345 2475 1293 2562; baseline 0 -23"><span class='ocrx_word' id='word_1_127' title='bbox 345 2475 601 2542; x_wconf 90' lang='lat' dir='ltr'>Londoniarum</span> <span class='ocrx_word' id='word_1_128' title='bbox 623 2497 661 2542; x_wconf 91' lang='lat' dir='ltr'>se</span> <span class='ocrx_word' id='word_1_129' title='bbox 683 2477 862 2541; x_wconf 86' lang='lat' dir='ltr'>conferens</span> <span class='ocrx_word' id='word_1_130' title='bbox 885 2475 1020 2541; x_wconf 84' lang='lat' dir='ltr'>obsedit</span> <span class='ocrx_word' id='word_1_131' title='bbox 1039 2495 1115 2540; x_wconf 90' lang='lat' dir='ltr'>eam</span> <span class='ocrx_word' id='word_1_132' title='bbox 1141 2496 1204 2559; x_wconf 91' lang='lat' dir='ltr'>per</span> <span class='ocrx_word' id='word_1_133' title='bbox 1229 2498 1293 2562; x_wconf 87' lang='lat' dir='ltr'>gy-</span> 
     </span>
     <span class='ocr_line' id='line_1_21' title="bbox 344 2577 1293 2660; baseline 0.006 -22"><span class='ocrx_word' id='word_1_134' title='bbox 344 2595 432 2655; x_wconf 90' lang='lat' dir='ltr'>rum,</span> <span class='ocrx_word' id='word_1_135' title='bbox 453 2577 489 2641; x_wconf 91' lang='lat' dir='ltr'>id</span> <span class='ocrx_word' id='word_1_136' title='bbox 511 2585 576 2656; x_wconf 90' lang='lat' dir='ltr'>est,</span> <span class='ocrx_word' id='word_1_137' title='bbox 595 2598 658 2660; x_wconf 92' lang='lat' dir='ltr'>per</span> <span class='ocrx_word' id='word_1_138' title='bbox 677 2586 805 2642; x_wconf 90' lang='lat' dir='ltr'>terram</span> <span class='ocrx_word' id='word_1_139' title='bbox 831 2577 934 2641; x_wconf 92' lang='lat' dir='ltr'>simul</span> <span class='ocrx_word' id='word_1_140' title='bbox 958 2584 993 2642; x_wconf 89' lang='lat' dir='ltr'>et</span> <span class='ocrx_word' id='word_1_141' title='bbox 1012 2595 1151 2659; x_wconf 89' lang='lat' dir='ltr'>aquam,</span> <span class='ocrx_word' id='word_1_142' title='bbox 1174 2597 1293 2644; x_wconf 90' lang='lat' dir='ltr'>omne·</span> 
     </span>
     <span class='ocr_line' id='line_1_22' title="bbox 345 2677 1293 2759; baseline 0.004 -20"><span class='ocrx_word' id='word_1_143' title='bbox 345 2695 412 2757; x_wconf 94' lang='lat' dir='ltr'>que</span> <span class='ocrx_word' id='word_1_144' title='bbox 447 2677 590 2742; x_wconf 85' lang='lat' dir='ltr'>inclusis</span> <span class='ocrx_word' id='word_1_145' title='bbox 624 2677 827 2742; x_wconf 84' lang='lat' dir='ltr'>victualium</span> <span class='ocrx_word' id='word_1_146' title='bbox 865 2695 976 2759; x_wconf 90' lang='lat' dir='ltr'>genus</span> <span class='ocrx_word' id='word_1_147' title='bbox 1008 2678 1214 2742; x_wconf 90' lang='lat' dir='ltr'>subtrahens</span> <span class='ocrx_word' id='word_1_148' title='bbox 1247 2679 1293 2743; x_wconf 90' lang='lat' dir='ltr'>ad</span> 
     </span>
     <span class='ocr_line' id='line_1_23' title="bbox 343 2775 1293 2859; baseline 0.004 -20"><span class='ocrx_word' id='word_1_149' title='bbox 343 2775 551 2840; x_wconf 91' lang='lat' dir='ltr'>deditionem</span> <span class='ocrx_word' id='word_1_150' title='bbox 578 2797 637 2841; x_wconf 88' lang='lat' dir='ltr'>eos</span> <span class='ocrx_word' id='word_1_151' title='bbox 658 2777 864 2859; x_wconf 86' lang='lat' dir='ltr'>compellere</span> <span class='ocrx_word' id='word_1_152' title='bbox 889 2778 1093 2859; x_wconf 84' lang='lat' dir='ltr'>satagebat3</span> <span class='ocrx_word' id='word_1_153' title='bbox 1117 2785 1155 2843; x_wconf 90' lang='lat' dir='ltr'>at</span> <span class='ocrx_word' id='word_1_154' title='bbox 1178 2777 1293 2843; x_wconf 88' lang='lat' dir='ltr'>Lodo-</span> 
     </span>
     <span class='ocr_line' id='line_1_24' title="bbox 345 2876 1293 2961; baseline 0.001 -20"><span class='ocrx_word' id='word_1_155' title='bbox 345 2878 451 2941; x_wconf 89' lang='lat' dir='ltr'>wicus</span> <span class='ocrx_word' id='word_1_156' title='bbox 470 2877 506 2939; x_wconf 89' lang='lat' dir='ltr'>in</span> <span class='ocrx_word' id='word_1_157' title='bbox 527 2885 623 2941; x_wconf 90' lang='lat' dir='ltr'>arcto</span> <span class='ocrx_word' id='word_1_158' title='bbox 641 2877 775 2960; x_wconf 89' lang='lat' dir='ltr'>positus</span> <span class='ocrx_word' id='word_1_159' title='bbox 798 2876 1009 2960; x_wconf 90' lang='lat' dir='ltr'>significavit</span> <span class='ocrx_word' id='word_1_160' title='bbox 1027 2876 1144 2959; x_wconf 87' lang='lat' dir='ltr'>legato</span> <span class='ocrx_word' id='word_1_161' title='bbox 1160 2879 1293 2961; x_wconf 89' lang='lat' dir='ltr'>pariter</span> 
     </span>
     <span class='ocr_line' id='line_1_25' title="bbox 345 2977 1290 3062; baseline 0.001 -22"><span class='ocrx_word' id='word_1_162' title='bbox 345 2995 386 3042; x_wconf 92' lang='lat' dir='ltr'>ac</span> <span class='ocrx_word' id='word_1_163' title='bbox 406 2977 647 3053; x_wconf 90' lang='lat' dir='ltr'>Mareschallo‚</span> <span class='ocrx_word' id='word_1_164' title='bbox 669 2978 762 3059; x_wconf 94' lang='lat' dir='ltr'>quod</span> <span class='ocrx_word' id='word_1_165' title='bbox 785 2977 859 3062; x_wconf 88' lang='lat' dir='ltr'>ipse</span> <span class='ocrx_word' id='word_1_166' title='bbox 875 2978 987 3042; x_wconf 90' lang='lat' dir='ltr'>voluit</span> <span class='ocrx_word' id='word_1_167' title='bbox 1008 2979 1151 3043; x_wconf 89' lang='lat' dir='ltr'>consilio</span> <span class='ocrx_word' id='word_1_168' title='bbox 1172 2998 1290 3042; x_wconf 91' lang='lat' dir='ltr'>eorum</span> 
     </span>
     <span class='ocr_line' id='line_1_26' title="bbox 344 3077 1291 3162; baseline 0.002 -22"><span class='ocrx_word' id='word_1_169' title='bbox 344 3077 381 3140; x_wconf 96' lang='lat' dir='ltr'>in</span> <span class='ocrx_word' id='word_1_170' title='bbox 403 3078 561 3141; x_wconf 90' lang='lat' dir='ltr'>omnibus</span> <span class='ocrx_word' id='word_1_171' title='bbox 586 3077 737 3155; x_wconf 90' lang='lat' dir='ltr'>obedire,</span> <span class='ocrx_word' id='word_1_172' title='bbox 759 3079 810 3141; x_wconf 91' lang='lat' dir='ltr'>ita</span> <span class='ocrx_word' id='word_1_173' title='bbox 833 3085 949 3143; x_wconf 89' lang='lat' dir='ltr'>tamen</span> <span class='ocrx_word' id='word_1_174' title='bbox 973 3077 1078 3162; x_wconf 93' lang='lat' dir='ltr'>quod,</span> <span class='ocrx_word' id='word_1_175' title='bbox 1104 3078 1202 3142; x_wconf 90' lang='lat' dir='ltr'>salvo</span> <span class='ocrx_word' id='word_1_176' title='bbox 1228 3079 1291 3143; x_wconf 91' lang='lat' dir='ltr'>bo-</span> 
     </span>
     <span class='ocr_line' id='line_1_27' title="bbox 345 3178 1290 3261; baseline 0.001 -21"><span class='ocrx_word' id='word_1_177' title='bbox 345 3196 428 3241; x_wconf 90' lang='lat' dir='ltr'>nore</span> <span class='ocrx_word' id='word_1_178' title='bbox 451 3196 514 3242; x_wconf 89' lang='lat' dir='ltr'>suo</span> <span class='ocrx_word' id='word_1_179' title='bbox 535 3184 570 3242; x_wconf 91' lang='lat' dir='ltr'>et</span> <span class='ocrx_word' id='word_1_180' title='bbox 592 3178 666 3241; x_wconf 91' lang='lat' dir='ltr'>sine</span> <span class='ocrx_word' id='word_1_181' title='bbox 693 3197 833 3242; x_wconf 89' lang='lat' dir='ltr'>suorum</span> <span class='ocrx_word' id='word_1_182' title='bbox 858 3179 1035 3256; x_wconf 90' lang='lat' dir='ltr'>scandalo,</span> <span class='ocrx_word' id='word_1_183' title='bbox 1060 3198 1181 3261; x_wconf 89' lang='lat' dir='ltr'>pacem</span> <span class='ocrx_word' id='word_1_184' title='bbox 1208 3199 1290 3242; x_wconf 91' lang='lat' dir='ltr'>con-</span> 
     </span>
     <span class='ocr_line' id='line_1_28' title="bbox 344 3276 1290 3361; baseline 0.001 -21"><span class='ocrx_word' id='word_1_185' title='bbox 344 3297 466 3359; x_wconf 88' lang='lat' dir='ltr'>gmam</span> <span class='ocrx_word' id='word_1_186' title='bbox 494 3277 725 3361; x_wconf 89' lang='lat' dir='ltr'>providerent.</span> <span class='ocrx_word' id='word_1_187' title='bbox 790 3276 842 3342; x_wconf 90' lang='lat' dir='ltr'>At</span> <span class='ocrx_word' id='word_1_188' title='bbox 869 3278 933 3353; x_wconf 92' lang='lat' dir='ltr'>illi,</span> <span class='ocrx_word' id='word_1_189' title='bbox 959 3279 997 3342; x_wconf 96' lang='lat' dir='ltr'>in</span> <span class='ocrx_word' id='word_1_190' title='bbox 1026 3279 1149 3360; x_wconf 92' lang='lat' dir='ltr'>quibus</span> <span class='ocrx_word' id='word_1_191' title='bbox 1177 3286 1290 3343; x_wconf 87' lang='lat' dir='ltr'>totum</span> 
     </span>
     <span class='ocr_line' id='line_1_29' title="bbox 343 3377 1289 3461; baseline 0.004 -21"><span class='ocrx_word' id='word_1_192' title='bbox 343 3378 516 3460; x_wconf 89' lang='lat' dir='ltr'>pendebat</span> <span class='ocrx_word' id='word_1_193' title='bbox 541 3378 730 3460; x_wconf 84' lang='lat' dir='ltr'>negotium,</span> <span class='ocrx_word' id='word_1_194' title='bbox 758 3379 878 3461; x_wconf 91' lang='lat' dir='ltr'>etqui</span> <span class='ocrx_word' id='word_1_195' title='bbox 906 3378 1083 3443; x_wconf 88' lang='lat' dir='ltr'>Lodowici</span> <span class='ocrx_word' id='word_1_196' title='bbox 1111 3377 1289 3444; x_wconf 90' lang='lat' dir='ltr'>liberatio·</span> 
     </span>
     <span class='ocr_line' id='line_1_30' title="bbox 333 3476 1290 3562; baseline 0.004 -23"><span class='ocrx_word' id='word_1_197' title='bbox 333 3497 421 3560; x_wconf 39' lang='lat' dir='ltr'>‚nem</span> <span class='ocrx_word' id='word_1_198' title='bbox 445 3479 713 3559; x_wconf 88' lang='lat' dir='ltr'>supramodum</span> <span class='ocrx_word' id='word_1_199' title='bbox 737 3477 992 3557; x_wconf 88' lang='lat' dir='ltr'>desiderabant,</span> <span class='ocrx_word' id='word_1_200' title='bbox 1020 3476 1194 3561; x_wconf 87' lang='lat' dir='ltr'>quandam</span> <span class='ocrx_word' id='word_1_201' title='bbox 1226 3498 1290 3562; x_wconf 91' lang='lat' dir='ltr'>pa·</span> 
     </span>
     <span class='ocr_line' id='line_1_31' title="bbox 344 3577 1287 3662; baseline 0.004 -22"><span class='ocrx_word' id='word_1_202' title='bbox 344 3577 395 3640; x_wconf 88' lang='lat' dir='ltr'>cis</span> <span class='ocrx_word' id='word_1_203' title='bbox 417 3577 561 3641; x_wconf 84' lang='lat' dir='ltr'>formam</span> <span class='ocrx_word' id='word_1_204' title='bbox 585 3578 622 3641; x_wconf 89' lang='lat' dir='ltr'>in</span> <span class='ocrx_word' id='word_1_205' title='bbox 649 3579 779 3662; x_wconf 92' lang='lat' dir='ltr'>scripto</span> <span class='ocrx_word' id='word_1_206' title='bbox 807 3579 982 3643; x_wconf 89' lang='lat' dir='ltr'>redactam</span> <span class='ocrx_word' id='word_1_207' title='bbox 1005 3579 1037 3642; x_wconf 95' lang='lat' dir='ltr'>ei</span> <span class='ocrx_word' id='word_1_208' title='bbox 1061 3577 1287 3657; x_wconf 87' lang='lat' dir='ltr'>remiserunt;</span> 
     </span>
     <span class='ocr_line' id='line_1_32' title="bbox 344 3677 1290 3762; baseline 0.005 -24"><span class='ocrx_word' id='word_1_209' title='bbox 344 3677 400 3739; x_wconf 94' lang='lat' dir='ltr'>cui</span> <span class='ocrx_word' id='word_1_210' title='bbox 427 3677 457 3741; x_wconf 92' lang='lat' dir='ltr'>si</span> <span class='ocrx_word' id='word_1_211' title='bbox 484 3679 677 3743; x_wconf 89' lang='lat' dir='ltr'>consentire</span> <span class='ocrx_word' id='word_1_212' title='bbox 705 3678 822 3754; x_wconf 89' lang='lat' dir='ltr'>vellet,</span> <span class='ocrx_word' id='word_1_213' title='bbox 851 3677 920 3761; x_wconf 90' lang='lat' dir='ltr'>ipsi</span> <span class='ocrx_word' id='word_1_214' title='bbox 947 3678 1169 3762; x_wconf 89' lang='lat' dir='ltr'>providerent</span> <span class='ocrx_word' id='word_1_215' title='bbox 1189 3688 1225 3743; x_wconf 90' lang='lat' dir='ltr'>et</span> <span class='ocrx_word' id='word_1_216' title='bbox 1246 3679 1290 3743; x_wconf 89' lang='lat' dir='ltr'>ad</span> 
     </span>
     <span class='ocr_line' id='line_1_33' title="bbox 343 3774 1289 3862; baseline 0.006 -24"><span class='ocrx_word' id='word_1_217' title='bbox 343 3774 409 3840; x_wconf 90' lang='lat' dir='ltr'>hoc</span> <span class='ocrx_word' id='word_1_218' title='bbox 437 3795 513 3841; x_wconf 89' lang='lat' dir='ltr'>sese</span> <span class='ocrx_word' id='word_1_219' title='bbox 538 3778 745 3861; x_wconf 86' lang='lat' dir='ltr'>obligarent,</span> <span class='ocrx_word' id='word_1_220' title='bbox 771 3777 863 3862; x_wconf 92' lang='lat' dir='ltr'>quod</span> <span class='ocrx_word' id='word_1_221' title='bbox 887 3779 1032 3844; x_wconf 92' lang='lat' dir='ltr'>liberum</span> <span class='ocrx_word' id='word_1_222' title='bbox 1062 3780 1128 3844; x_wconf 91' lang='lat' dir='ltr'>sibi</span> <span class='ocrx_word' id='word_1_223' title='bbox 1154 3799 1194 3843; x_wconf 91' lang='lat' dir='ltr'>ac</span> <span class='ocrx_word' id='word_1_224' title='bbox 1217 3781 1289 3844; x_wconf 89' lang='lat' dir='ltr'>suis</span> 
     </span>
     <span class='ocr_line' id='line_1_34' title="bbox 343 3877 1290 3962; baseline 0.006 -23"><span class='ocrx_word' id='word_1_225' title='bbox 343 3878 500 3940; x_wconf 90' lang='lat' dir='ltr'>omnibus</span> <span class='ocrx_word' id='word_1_226' title='bbox 518 3878 681 3961; x_wconf 90' lang='lat' dir='ltr'>imprisiis</span> <span class='ocrx_word' id='word_1_227' title='bbox 705 3881 749 3942; x_wconf 89' lang='lat' dir='ltr'>ab</span> <span class='ocrx_word' id='word_1_228' title='bbox 768 3877 899 3962; x_wconf 86' lang='lat' dir='ltr'>Anglia</span> <span class='ocrx_word' id='word_1_229' title='bbox 917 3880 1071 3946; x_wconf 88' lang='lat' dir='ltr'>facerent</span> <span class='ocrx_word' id='word_1_230' title='bbox 1091 3879 1218 3945; x_wconf 89' lang='lat' dir='ltr'>habere</span> <span class='ocrx_word' id='word_1_231' title='bbox 1237 3901 1290 3945; x_wconf 90' lang='lat' dir='ltr'>re·</span> 
     </span>
     <span class='ocr_line' id='line_1_35' title="bbox 343 3965 1319 4063; baseline 0.008 -25"><span class='ocrx_word' id='word_1_232' title='bbox 343 3995 497 4056; x_wconf 83' lang='lat' dir='ltr'>cessum3</span> <span class='ocrx_word' id='word_1_233' title='bbox 522 3977 576 4040; x_wconf 89' lang='lat' dir='ltr'>sin</span> <span class='ocrx_word' id='word_1_234' title='bbox 602 3987 728 4057; x_wconf 90' lang='lat' dir='ltr'>autem,</span> <span class='ocrx_word' id='word_1_235' title='bbox 751 3980 818 4063; x_wconf 92' lang='lat' dir='ltr'>ipsi</span> <span class='ocrx_word' id='word_1_236' title='bbox 842 3982 1100 4046; x_wconf 88' lang='lat' dir='ltr'>subversionem</span> <span class='ocrx_word' id='word_1_237' title='bbox 1124 3980 1233 4063; x_wconf 91' lang='lat' dir='ltr'>ipsius</span> <span class='ocrx_word' id='word_1_238' title='bbox 1256 3988 1291 4046; x_wconf 90' lang='lat' dir='ltr'>et</span> <span class='ocrx_word' id='word_1_239' title='bbox 1314 3965 1319 3972; x_wconf 52' lang='grc'>’</span> 
     </span>
     <span class='ocr_line' id='line_1_36' title="bbox 343 4076 1291 4162; baseline 0.007 -24"><span class='ocrx_word' id='word_1_240' title='bbox 343 4076 544 4140; x_wconf 88' lang='lat' dir='ltr'>scandalum</span> <span class='ocrx_word' id='word_1_241' title='bbox 570 4079 729 4143; x_wconf 92' lang='lat' dir='ltr'>omnibus</span> <span class='ocrx_word' id='word_1_242' title='bbox 760 4080 871 4144; x_wconf 89' lang='lat' dir='ltr'>modis</span> <span class='ocrx_word' id='word_1_243' title='bbox 895 4088 1133 4162; x_wconf 88' lang='lat' dir='ltr'>procurarent.</span> <span class='ocrx_word' id='word_1_244' title='bbox 1186 4080 1291 4145; x_wconf 90' lang='lat' dir='ltr'>Hanc</span> 
     </span>
     <span class='ocr_line' id='line_1_37' title="bbox 342 4179 1290 4266; baseline 0.004 -26"><span class='ocrx_word' id='word_1_245' title='bbox 342 4183 457 4241; x_wconf 90' lang='lat' dir='ltr'>autem</span> <span class='ocrx_word' id='word_1_246' title='bbox 495 4179 591 4260; x_wconf 87' lang='lat' dir='ltr'>pacis</span> <span class='ocrx_word' id='word_1_247' title='bbox 622 4179 878 4248; x_wconf 83' lang='lat' dir='ltr'>formamcum</span> <span class='ocrx_word' id='word_1_248' title='bbox 912 4179 1118 4256; x_wconf 90' lang='lat' dir='ltr'>Lodowicus</span> <span class='ocrx_word' id='word_1_249' title='bbox 1151 4187 1186 4245; x_wconf 90' lang='lat' dir='ltr'>et</span> <span class='ocrx_word' id='word_1_250' title='bbox 1215 4182 1290 4266; x_wconf 90' lang='lat' dir='ltr'>ejus</span> 
     </span>
    </p>
   </div>
   <div class='ocr_carea' id='block_1_6' title="bbox 0 0 1436 4866">
    <p class='ocr_par' dir='ltr' id='par_1_6' title="bbox 0 0 1436 4866">
     <span class='ocr_line' id='line_1_38' title="bbox 0 0 1436 4866; baseline 0 0"><span class='ocrx_word' id='word_1_251' title='bbox 0 0 1436 4866; x_wconf 95' lang='lat' dir='ltr'> </span> 
     </span>
    </p>
   </div>
  </div>
 </body>
</html>
