2864 4866
355 411 494 459 sununs
518 410 787 459 msronmnuu.
950 453 953 459 .
988 394 1055 460 257

106 567 199 633 illius
222 569 373 650 licentia,
399 571 459 654 qui
484 571 579 635 iliam
602 570 639 634 in
662 568 808 653 Templo
836 563 1052 634 commenda·
1065 583 1118 625 sv-
1128 584 1186 623 1²³2·

105 678 205 734 verat
222 671 473 737 reservandam.
541 669 592 735 At
613 689 687 749 rex,
711 670 794 752 quia
815 671 962 752 pecunia
984 690 1054 734 me-

105 776 241 833 morata
259 771 323 834 sub
343 771 557 853 protectione
573 767 727 834 ecclesiae
745 769 859 833 fuerat
875 770 1053 852 deputata,

106 887 174 932 non
206 869 328 934 habuit
352 871 532 935 consilium
562 877 602 936 ut
627 869 827 935 violentiam
854 869 1050 951 ingereret;

106 970 197 1032 unde
220 969 472 1035 thesaurarium
502 971 607 1035 curiae
634 988 720 1047 suae,
747 988 827 1033 cum
847 968 1053 1053 justiciariis

107 1069 180 1132 suis
204 1069 247 1133 de
271 1071 456 1149 scaccario,
478 1071 572 1135 misit
594 1069 638 1134 ad
664 1070 874 1148 Hubertum,
899 1071 959 1152 qui
977 1070 1052 1154 jam

108 1173 191 1232 tunc
223 1176 299 1234 erat
323 1170 360 1233 in
388 1170 475 1236 turri
512 1169 723 1235 Londinensi
759 1169 985 1251 compeditus,
1014 1178 1055 1235 ut

108 1269 290 1350 pecuniam
321 1271 503 1352 exigerent
524 1272 568 1335 ab
596 1289 637 1334 eo
667 1270 741 1351 regi
763 1289 808 1333 ex
834 1269 971 1352 integro
999 1288 1055 1334 as·

109 1368 325 1450 signandam.
378 1369 505 1435 Nuntii
533 1377 650 1434 autem
679 1366 836 1452 praedicti
863 1389 941 1433 cum
973 1368 1053 1433 Hu-

107 1467 205 1533 berto
223 1489 268 1533 ex
286 1476 386 1553 parte
408 1470 499 1552 regis
514 1469 599 1533 talia
617 1475 893 1551 praesentassent,
910 1488 1052 1552 respon-

106 1566 158 1632 dit
179 1569 356 1647 continuo,
382 1571 475 1653 quod
500 1570 652 1652 seipsum
677 1574 713 1632 et
735 1586 800 1631 sua
823 1569 940 1632 omnia
960 1571 1052 1651 regis

108 1668 327 1734 submitteret
350 1669 534 1734 voluntati.
596 1668 768 1751 Praecepit
796 1687 890 1750 ergo,
920 1676 960 1733 ut
983 1669 1054 1732 fra-

108 1773 179 1831 tres
202 1768 334 1834 militiae
351 1769 489 1853 Templi
515 1769 630 1834 claves
656 1787 775 1832 omnes
796 1787 841 1832 ex
865 1775 963 1852 parte
987 1788 1053 1834 sua

107 1867 246 1933 domino
273 1871 353 1934 suo'
368 1870 443 1952 regi
467 1875 728 1952 praesentarent,
750 1875 791 1933 ut
809 1867 852 1932 de
877 1869 979 1932 rebus
1003 1869 1052 1933 ibi

108 1966 283 2050 deputatis
309 1987 407 2033 suam
436 1968 565 2033 faceret
583 1968 825 2049 voluntatem
860 1969 1052 2050 quodcum

107 2065 237 2132 factum
259 2066 392 2147 fnisset,
410 2067 519 2153 jussit
542 2087 604 2133 rex
626 2069 808 2150 pecuniam
827 2066 922 2130 illam
945 2067 1054 2133 fideli·

107 2174 161 2231 ter
177 2175 391 2232 numeratam
412 2168 448 2232 in
469 2188 532 2233 suo
553 2167 673 2250 reponi
690 2168 865 2245 thesauro,
883 2174 919 2232 et
938 2188 1052 2232 rerum

108 2266 259 2332 omnium
281 2268 499 2333 inventarum
520 2286 687 2332 summam
704 2269 741 2331 in
756 2268 923 2349 scriptum
944 2269 1054 2351 redigi

108 2373 143 2431 et
162 2387 235 2432 suae
260 2369 454 2451 praesentiae
475 2368 641 2433 exhiberi.
702 2367 915 2432 Invenerunt
937 2376 1053 2433 autem

109 2466 224 2532 clerici
260 2469 353 2550 regis
387 2475 423 2532 et
453 2468 688 2534 thesaurarius
725 2487 803 2531 cum
837 2467 887 2532 eis
921 2467 958 2531 in
991 2468 1052 2533 illo

108 2565 266 2650 deposito
288 2575 367 2633 octo
393 2567 501 2633 millia
528 2568 634 2632 libras
658 2568 794 2648 argenti
818 2568 958 2651 optimae
980 2588 1054 2633 mo-

108 2672 207 2745 netae,
237 2669 366 2751 septies
390 2668 514 2750 viginti
535 2687 643 2751 cupas
666 2686 790 2731 aureas
812 2675 848 2731 et
868 2675 1052 2750 argenteas

108 2765 193 2831 beno
215 2766 412 2846 deauratas,
433 2787 511 2832 cum
529 2774 629 2832 tanta
648 2767 875 2850 pretiosorum
898 2767 1052 2849 lapidum

108 2885 151 2930 ac
179 2867 361 2932 'nobilitate
391 2886 616 2952 gemmarum,
643 2867 736 2959 quod
762 2866 908 2948 pretium
938 2887 1053 2930 rerum

109 2966 258 3032 omnium
273 2958 504 3046 inventarum,
522 2973 562 3030 ut
572 2966 709 3043 dicitur,
724 2965 949 3031 excedebant.
984 2965 1053 3030 His

108 3066 227 3148 itaque
244 3066 445 3150 divulgatis,
460 3066 686 3134 veneruntad
700 3085 815 3148 regem
828 3064 980 3149 qnidam,
993 3068 1053 3149 qui

111 3163 308 3232 Hubertum
337 3168 497 3251 persequi
527 3185 596 3231 non
626 3166 820 3244 cessabant,
849 3175 1053 3231 accusantes

109 3285 187 3330 eum
205 3273 241 3331 et
253 3266 419 3347 dicenteS,
435 3268 528 3351 quod
544 3287 637 3331 nunc
653 3266 696 3330 de
711 3266 804 3329 furto
820 3265 1000 3330 convictus
1018 3274 1054 3332 ct

109 3364 229 3430 fraude
246 3366 371 3450 dignus
387 3374 463 3432 erat
475 3373 585 3432 morte
596 3365 797 3449 turpissima
811 3365 1052 3445 condemnari3

110 3466 234 3548 quibus
243 3469 310 3531 'rex
328 3467 516 3551 respondit,
534 3465 739 3531 ‘Hubertus
757 3485 778 3529 a
794 3465 943 3548 pueritia
957 3465 1053 3547 prius

109 3567 281 3631 avunculo
302 3587 379 3632 meo
400 3568 474 3650 regi
496 3565 684 3642 Richardo,
704 3572 739 3630 et
755 3572 878 3649 postea
899 3566 973 3647 regi
989 3564 1053 3629 Jo-

109 3663 214 3729 bauni
239 3668 332 3748 patri
359 3687 448 3746 meo,
475 3666 561 3731 satis
586 3665 730 3730 servivit
750 3665 908 3743 fideliter,
930 3671 970 3731 ut
991 3684 1054 3730 au-

109 3762 194 3843 divi,
213 3767 286 3847 qui,
303 3767 333 3830 si
350 3774 471 3831 contra
485 3786 540 3829 me
556 3765 646 3829 male
661 3765 783 3846 egerit,
800 3785 977 3849 nunquam
993 3786 1056 3849 per

109 3884 164 3928 me
189 3865 309 3948 iniqua
329 3874 440 3931 morte
462 3866 650 3945 morietur3
682 3865 774 3929 malo
803 3864 894 3929 euim
916 3885 979 3931 rex
1001 3866 1054 3930 ia-

109 3971 190 4028 tuus
212 3967 367 4049 reputari
389 3985 430 4030 ac
452 3965 626 4043 remissus,
650 3985 754 4048 quarn
777 3965 925 4030 crudelis
947 3974 982 4030 et
999 3974 1055 4050 ty-

108 4083 238 4128 rannus
255 4064 275 4146 3²
300 4073 347 4143 et,
364 4066 417 4130 his
435 4065 548 4144 dictis,
566 4066 737 4130 concessit
756 4065 915 4130 Huberto
937 4085 1055 4130 omnes

111 4171 235 4242 terras,
254 4185 342 4249 quas
362 4186 407 4230 ex
422 4168 512 4232 dono
536 4167 646 4251 patris
670 4165 724 4230 sui
740 4165 797 4230 vel
819 4167 1056 4255 exemptione

160 4281 240 4330 vor..
259 4283 307 4330 rv.
887 4281 904 4326 s
