2864 4866
337 387 380 450 :32
594 403 724 450 nocant
749 404 795 450 nn
819 402 1026 451 wennovrnr

176 575 231 615 Ab·
244 573 297 615 1²¹⁷.
336 561 501 626 reditates
532 580 627 639 suas,
660 581 737 625 cum
767 562 925 625 omnibus
957 559 1175 625 libertatibus
1204 563 1291 621 anto

335 662 466 745 petitis
497 681 560 744 pro
589 663 713 746 quibus
741 661 915 726 discordia
946 661 1012 725 fuit
1040 666 1164 724 exorta
1194 657 1291 720 inter

337 760 546 838 Johannem,
582 781 698 843 regem
734 760 884 842 Angliae,
918 766 953 824 et
983 762 1140 824 barones.
1207 756 1290 820 Pri-

335 880 437 925 sones
458 881 589 938 omnes,
612 861 672 945 qui
690 869 770 925 ante
796 860 885 925 hanc
909 880 1029 942 pacem
1053 860 1228 943 provisam
1245 876 1288 921 se

335 961 562 1038 redemerant,
584 969 620 1027 et
637 981 710 1025 suae
733 960 978 1043 redemptionis
997 960 1072 1044 jam
1095 960 1198 1023 factae
1223 977 1287 1040 pe-

336 1063 448 1125 cuniae
472 1070 605 1144 partem
631 1063 704 1125 suis
730 1061 955 1125 creditoribus
980 1060 1169 1136 solverant,
1191 1057 1288 1141 quod

336 1162 488 1227 solutum
503 1170 640 1225 estnon
655 1162 820 1225 reddatur
835 1162 885 1226 eis
899 1182 908 1240 3
932 1160 1005 1237 sed,
1021 1161 1052 1223 si
1067 1160 1149 1243 quid
1162 1179 1287 1241 ,super-

335 1262 439 1327 fuerit
462 1262 505 1325 ad
528 1262 742 1338 solvendum,
767 1261 913 1325 debitori
935 1259 1074 1343 penitus
1096 1260 1287 1324 relaxetur.

337 1362 501 1426 Prisones
533 1362 696 1439 universi,
723 1363 783 1443 qui
815 1361 906 1443 apud
940 1360 1156 1425 Lincolniam
1190 1359 1287 1442 capti

336 1471 435 1526 erant
454 1463 509 1527 vel
534 1462 569 1525 in
595 1463 714 1545 praelio
740 1461 857 1527 navali
882 1461 975 1543 apud
1000 1461 1188 1536 Dovemm,
1209 1461 1286 1525 sive

336 1564 371 1626 in
388 1569 487 1645 parte
502 1564 608 1644 regis,
623 1563 679 1627 vel
697 1564 732 1626 in
749 1570 848 1644 parte
872 1560 1060 1638 Lodowici,
1077 1561 1286 1643 ubicumque

336 1662 455 1727 statim
483 1664 557 1727 sine
585 1662 679 1727 omni
706 1661 906 1726 difficultate
930 1669 965 1727 et
988 1663 1063 1725 sine
1088 1662 1181 1726 omni
1206 1660 1286 1723 red-

336 1763 509 1846 emptione
524 1769 560 1827 et
570 1782 675 1828 censu
694 1756 948 1826 ¹liherarentur.
1001 1762 1057 1837 Et,
1075 1761 1129 1825 his
1142 1762 1193 1825 ita
1207 1780 1288 1842 ges-

337 1865 394 1940 tis,
413 1864 592 1927 absolutus
616 1871 670 1927 est
688 1855 912 1927 ²Lodowicus
930 1882 1008 1925 cum
1030 1863 1188 1926 omnibus
1207 1880 1284 1931 sec·

337 1964 508 2028 tatoribus
529 1965 612 2040 suis,
633 1970 771 2028 servata
788 1962 942 2028 ecclesiae
958 1962 1081 2038 forma,
1099 1980 1140 2025 ac
1161 1961 1284 2028 deinde

338 2064 466 2145 singuli
494 2073 633 2128 ruentes
663 2065 699 2127 in
729 2065 825 2146 pacis
854 2062 1008 2125 osculum
1037 2060 1170 2126 tristem
1199 2061 1287 2125 laeti-

338 2165 422 2228 tiam
453 2165 517 2228 sub
542 2164 673 2228 fraudis
704 2171 878 2246 praetextu
905 2162 1042 2245 plurimi
1070 2162 1283 2245 palliabant;

338 2283 407 2346 quo
432 2265 538 2340 facto,
568 2263 773 2328 Lodowicus
806 2262 1005 2327 Londonias
1033 2282 1190 2328 reversus
1219 2270 1286 2341 est,
1357 2347 1361 2351 ,

339 2365 398 2426 uhi
429 2383 501 2446 prae
536 2364 642 2426 nimia
676 2383 698 2427 a
732 2354 865 2428 civibus
897 2371 1102 2447 paupertate
1134 2363 1286 2444 quinque

338 2463 447 2526 millia
474 2463 579 2526 libras
606 2464 851 2545 sterlingorum
877 2471 997 2528 mutuo
1021 2463 1193 2544 accipiens
1218 2463 1285 2526 sub

338 2563 509 2626 conductu
534 2564 652 2645 magni
678 2563 900 2628 Mareschalli
926 2564 969 2627 ad
994 2582 1089 2627 mare
1115 2582 1193 2625 curn
1216 2561 1286 2626 fes-

338 2663 506 2727 tinatione
530 2664 687 2744 pervenit
707 2672 742 2728 ct
767 2684 843 2728 cum
868 2663 1051 2746 opprobrio
1077 2663 1286 2746 sempiterno

338 2756 398 2825 ad³
416 2761 550 2827 Gallias
567 2764 817 2830 transfretavit.
869 2763 926 2827 Ab
948 2762 1012 2827 hoc
1030 2782 1166 2846 quoque
1184 2763 1287 2826 abso-

338 2861 479 2926 lutionis
507 2871 542 2927 et
567 2864 662 2946 pacis
690 2864 856 2929 beneficio
884 2864 1021 2945 excepti
1047 2863 1187 2927 suerunt
1210 2863 1283 2945 epi-

337 2965 445 3046 scopi,
484 2965 640 3042 abbateS,
678 2966 822 3047 priores,
856 2963 1012 3026 canonici
1048 2962 1220 3026 seculares
1249 2958 1286 3027 et
1339 3033 1344 3042 ,

337 3064 452 3128 clerici
474 3064 586 3142 multi,
610 3065 668 3148 qui
692 3064 877 3129 Lodowico
900 3082 941 3126 ac
964 3063 1150 3126 baronibus
1172 3063 1286 3126 consi·

336 3163 421 3227 lium
450 3165 684 3247 praestiterant
711 3173 746 3229 et
772 3165 937 3240 favorem,
970 3171 1006 3226 et
1031 3163 1180 3225 maxime
1211 3181 1285 3227 ma-

337 3265 444 3345 gister
463 3265 581 3329 Simon
603 3267 646 3329 de
667 3264 883 3346 Langetuna,
908 3284 985 3327 curn
1008 3263 1176 3343 magistro
1199 3261 1286 3326 Ger-

336 3365 434 3428 vasio
465 3365 508 3429 de
542 3364 741 3447 Hohregge,
772 3365 831 3447 qni
859 3366 895 3427 in
925 3371 1025 3427 tanta
1054 3362 1286 3427 obstinatione

374 3576 588 3644 'Liberorentnr.]
605 3581 636 3629 In
647 3581 690 3629 the
703 3581 795 3631 Chron.
858 3579 1044 3644 ²indescissa]
1062 3581 1104 3630 He
1121 3580 1222 3630 walked
1241 3595 1288 3629 un·

337 3650 366 3698 oi
390 3651 498 3699 Muilros
526 3652 546 3699 it
572 3651 595 3700 is
631 3652 714 3700 stated
743 3651 798 3700 that
824 3653 913 3716 girded
924 3651 975 3701 and
986 3651 1168 3700 barefoott'rom
1179 3651 1218 3700 his
1227 3667 1285 3701 own

338 3720 427 3781 Henry
438 3721 499 3782 paid
518 3721 596 3770 Louis
613 3726 654 3770 ten
671 3721 797 3770 thousand
823 3729 876 3773 tent
897 3728 923 3772 to
945 3721 1000 3771 that
1022 3722 1051 3771 of
1078 3721 1120 3770 the
1148 3721 1283 3781 cardine-13

337 3790 423 3839 marks
440 3795 466 3838 to
483 3795 550 3839 meet
566 3791 608 3840 the
626 3802 749 3853 expensos
765 3791 797 3840 he
824 3793 917 3844 Chron.
930 3793 1045 3843 Mailros.
1057 3807 1084 3854 p.
1097 3795 1153 3841 195.

337 3860 388 3910 had
409 3861 545 3919 incurred3
562 3876 589 3922 p.
602 3864 659 3911 195.
706 3862 737 3910 In
755 3861 798 3911 the

337 3930 413 3980 Close
425 3931 497 3980 Rolls
508 3945 551 3980 are
562 3932 659 3980 several
671 3933 764 3980 entries
773 3932 802 3980 of
858 3927 917 3978 ³Au
928 3928 1025 3978 Gallius
1033 3925 1223 3990 transfretavit]
1237 3926 1285 3975 See

336 4001 407 4049 writs
429 4000 546 4062 ordering
568 4000 610 4049 the
632 4006 753 4063 payment
773 4002 802 4050 of
824 4000 909 4048 letters
927 3999 956 4048 of
964 3997 1018 4048 safe
1036 3997 1146 4046 conduct
1156 3997 1182 4044 in
1198 3997 1288 4046 behali

337 4071 432 4119 monies
444 4076 470 4119 to
481 4070 614 4134 discharge
626 4086 642 4119 a
654 4072 750 4121 debtof
758 4072 797 4120 six
824 4069 852 4118 of
872 4070 950 4118 Leuis
972 4068 1023 4118 and
1045 4067 1086 4115 his
1103 4066 1240 4129 followers,
1258 4068 1285 4115 in

337 4141 461 4189 thousand
483 4141 570 4191 mariis
592 4141 643 4190 due
659 4147 685 4191 to
704 4142 799 4202 Louis;
826 4138 945 4201 Noriolk,
978 4137 1087 4197 smoth,
1115 4137 1206 4198 Essex,
1234 4137 1283 4187 and

338 4225 382 4271 pp.
395 4215 451 4273 360,
464 4214 520 4260 369.
827 4209 956 4271 Hertford,
967 4209 994 4258 in
1005 4209 1109 4271 Ryrner,
1120 4207 1137 4256 i.
1151 4223 1176 4268 p.
1190 4211 1246 4257 148.
