2864 4866
375 415 514 464 anonas
538 416 805 465 nrsroarnnon.
1020 401 1065 464 65

114 573 338 639 exhortamur
374 574 410 637 in
446 575 611 653 Domino,
650 583 821 659 quatenus
857 576 933 660 ejus
971 576 1063 660 apud
1077 596 1198 637 noun.

117 673 229 740 Deum
267 675 460 756 patrocinia
496 676 621 741 devote
651 677 868 760 imploretis;
910 677 954 740 ad
989 676 1064 741 haec

116 780 322 853 statuentes,
352 781 392 839 ut
422 775 477 840 die
509 776 734 859 depositionis
767 777 876 858 ipsius
909 776 1064 860 ejusdem

117 872 289 938 festivitas
318 876 418 939 annis
444 876 590 957 singulis
616 876 740 940 devote
763 877 805 940 de
829 884 955 941 caetero
977 878 1064 940 cele-

115 973 245 1040 bretur.
298 975 393 1040 Data
416 975 577 1052 Vitcrbii,
604 976 736 1040 decimo
763 977 866 1040 tertio
897 975 1064 1040 kalendas

117 1072 248 1153 Martii,
266 1075 489 1158 pontificatus
507 1075 615 1139 nostri
634 1095 725 1139 anno
743 1075 892 1158 quarto?

127 1248 177 1311 Dc
191 1249 330 1334 captione
344 1259 515 1315 castrorum
529 1250 566 1315 da
581 1251 724 1315 Souania
738 1260 767 1315 at
780 1251 818 1316 da
832 1251 1049 1337 Rokinpclrom.

170 1372 302 1438 Eodem
327 1393 419 1440 anno
444 1395 507 1438 rex
534 1373 719 1452 Heminae,
737 1374 913 1439 Willelmo
942 1376 1067 1439 comite
1078 1393 1227 1443 arrianam

119 1473 162 1537 de
193 1470 406 1539 Albemarlia
437 1475 560 1553 invito,
588 1476 679 1558 cepit
706 1475 820 1539 subito
854 1475 998 1539 castella
1024 1445 1225 1538 de⁰⁸⁸t¹⁰²⁸k⁰⁰'

121 1563 364 1656 Rokingeham
393 1581 429 1639 et
449 1574 491 1639 de
514 1568 682 1640 ¹Sanneia
708 1568 764 1638 ²in
784 1574 905 1657 vigilia
927 1582 1067 1658 aposto·

119 1673 232 1736 lorum
258 1673 355 1738 Petri
382 1682 418 1739 et
440 1673 566 1753 Pauli;
596 1676 755 1739 veniente
783 1682 898 1739 autern
921 1675 1068 1757 praefato

120 1792 202 1855 rege
224 1772 396 1838 hostiliter
418 1774 462 1838 ad
486 1774 630 1839 castella
655 1774 835 1856 praedicta,
856 1775 990 1839 invenit
1007 1775 1070 1839 illa

120 1873 259 1956 penitus
292 1874 385 1937 omni
414 1874 614 1939 victualium
646 1894 771 1956 genere
803 1873 982 1951 destituta,
1018 1875 1070 1938 ita

120 1972 259 2055 quidem
280 1973 373 2056 quod
392 1992 455 2038 nec
482 1975 585 2039 etiam
610 1981 681 2038 tres
704 1993 812 2056 panes
832 1974 1070 2038 invenirentur
1134 2024 1136 2028 ,

120 2093 158 2137 rn
173 2091 232 2137 ers.

126 2248 304 2314 Tronshntio
321 2251 421 2314 nonai
437 2250 567 2328 Tlomae,
585 2248 809 2334 archicpiscopi
828 2248 1070 2314 Onniton-icaria.

174 2367 322 2437 Eodem⁸
345 2381 498 2457 tempore
521 2373 674 2438 levatum
696 2379 750 2438 est
773 2373 816 2437 de
839 2373 955 2457 lapide
978 2393 1069 2437 mar·
1082 2388 1216 2430 urrunnun

123 2492 240 2537 moreo
255 2492 381 2556 corpus
394 2474 488 2538 beati
505 2473 650 2537 Thomae
667 2474 915 2557 archiepiscopi
931 2481 967 2538 ct
981 2493 1069 2538 mar·
1082 2441 1207 2531 ifeffriifm

123 2574 210 2656 tyris
240 2592 262 2637 a
292 2573 481 2656 Stephano,
519 2572 762 2638 Cantuariensi
800 2574 1070 2657 archiepiscopo,

123 2680 294 2756 praesente
323 2693 406 2756 rege
429 2681 466 2738 et
487 2674 645 2737 omnibus
671 2674 743 2738 fere
771 2675 942 2757 episcopis
964 2675 1071 2738 totius

124 2773 234 2854 regni,
260 2792 339 2837 cum
363 2773 559 2851 abbatibus,
585 2774 769 2856 prioribuS,
792 2774 987 2851 comitibuS,
1008 2775 1071 2838 ba·

115 2872 279 2951 -ronibus,
298 2874 390 2938 clero
408 2881 444 2939 et
460 2874 590 2957 populo
609 2874 731 2952 multo,
754 2875 790 2937 in
810 2874 962 2938 crastino
979 2881 1072 2938 octa-

125 2991 247 3038 varum
272 2974 507 3057 apostolorum
533 2973 629 3038 Petri
656 2981 691 3039 et
709 2973 836 3053 Pauli;
870 2974 970 3058 cujus
995 2993 1071 3037 cor-

124 3091 191 3156 pus
221 3074 475 3139 sanctissimum
506 3074 713 3137 collocatum
742 3081 795 3138 est
822 3072 1008 3136 honorifice
1036 3074 1072 3136 in

125 3172 286 3256 pheretro
310 3194 355 3237 ex
384 3192 469 3239 auro
494 3180 531 3237 et
549 3174 721 3256 lapidibus
747 3173 907 3256 pretiosis
933 3173 1072 3236 mirabi-

124 3272 205 3338 liter
224 3273 425 3339 sabrefacto.
479 3274 716 3339 Interfnerunt
734 3273 837 3338 etiam
860 3272 940 3336 huic
961 3280 1075 3337 trans-

161 3483 312 3548 wama]
339 3484 372 3534 ln
390 3485 433 3534 the
451 3486 523 3535 vvrits
544 3500 586 3535 oc·
611 3485 697 3547 verley
708 3484 808 3534 Annals
819 3486 840 3534 it
851 3485 873 3535 is
885 3484 951 3546 said,
964 3484 1019 3533 that
1029 3498 1074 3532 ne-

125 3555 270 3617 omingin
287 3554 330 3611 the
346 3553 421 3605 Glose
440 3556 511 3606 Rolls
528 3570 586 3605 con·
612 3569 655 3604 ver
665 3554 750 3604 before
761 3556 788 3603 in
796 3555 914 3617 England
925 3554 977 3603 had
986 3554 1073 3603 sucha

126 3624 230 3687 coming
245 3625 296 3681 the,
313 3625 366 3674 earl
385 3624 414 3674 of
431 3625 586 3685 albemarle,
611 3624 697 3674 crovvd
709 3626 773 3675 been
782 3625 903 3688 gathered
911 3628 938 3674 at
948 3639 995 3673 one
1006 3627 1072 3685 spot.

125 3694 177 3744 this
188 3695 267 3744 caatle
277 3695 301 3744 ia
312 3694 455 3745 called‘de
465 3689 586 3745 salvata?
613 3695 714 3757 Notice,
739 3697 761 3744 it
788 3709 905 3757 appears,
930 3694 982 3743 had
1009 3695 1073 3742 been

126 3765 224 3814 Walter
241 3763 271 3830 oi
285 3764 412 3827 coventry
423 3765 470 3815 hae
486 3780 503 3815 a
518 3779 587 3814 more
612 3765 687 3826 given
707 3767 742 3827 by
758 3765 801 3814 the
818 3764 969 3825 archbishop
985 3764 1073 3825 nearly

126 3834 265 3897 particular
276 3840 384 3884 account
390 3834 419 3885 of
426 3835 468 3885 the
476 3836 551 3884 affair
561 3835 587 3883 in
612 3839 663 3883 tvvo
673 3850 749 3897 years
759 3835 844 3884 before
855 3834 884 3884 of
891 3835 931 3882 his
942 3834 1074 3896 intention,

126 3905 261 3967 question
277 3919 320 3954 see
330 3905 438 3968 l'yrrell,
450 3906 479 3956 ii.
490 3922 517 3968 p.
530 3908 588 3956 841.
612 3905 664 3954 and
679 3905 722 3955 the
738 3904 833 3967 tidings
849 3904 901 3954 had
917 3905 981 3952 been
997 3905 1074 3953 carri·

161 4011 210 4064 'Ia
218 4014 323 4078 uigilia.
335 4051 341 4067 .
352 4051 359 4067 .
369 4016 443 4066 Petri
450 4021 475 4066 et
482 4018 559 4066 Pauli
565 4012 588 4086 ς]
613 3975 645 4023 ed
662 3976 715 4057 int?
734 3975 851 4073 qiffmnt
867 3973 1001 4035 kingd⁰m⁸
1023 3973 1074 4065 and

127 4086 314 4136 afflue·
613 4043 1075 4176 ttllttnllinlt‘lttsslft

163 4178 276 4230 'Eodem
289 4181 415 4245 tempora]
431 4182 463 4231 In
474 4182 516 4231 the
528 4183 589 4231 Wa·
615 4200 642 4247 p.
656 4189 712 4248 loa,
723 4201 771 4248 req.

180 4304 260 4352 VOL.
284 4304 328 4352 tv.
907 4309 926 4354 F
