2864 4866
168 586 223 627 Ad).
234 585 291 624 1²29.

168 638 213 677 The
222 645 293 684 empe-

167 687 218 726 rcr's
230 687 293 725 letter

167 739 190 776 to
198 737 279 786 llenrp

329 389 395 455 192
584 404 717 453 uocum
742 405 789 450 nu
812 403 1019 452 wnunovna

330 564 506 629 civitatem
528 562 760 640 Hierusalem,
779 562 870 626 sicut
887 562 1009 626 melius
1029 582 1181 646 unquam
1198 562 1277 640 fuit,

331 664 539 728 reedificare
565 664 664 727 nobis
683 663 799 739 liceat,
815 663 1003 726 secundum
1025 670 1178 744 pactum,
1201 683 1278 726 nec·

331 784 399 828 non
423 771 459 828 et
474 771 623 827 castrum
646 761 669 826 J
672 781 797 844 oppen,
821 769 972 826 castrum
996 760 1179 839 Caesareae,
1202 782 1278 825 cas-

331 871 422 927 trum
445 862 605 944 sydonis,
630 868 665 924 et
678 869 830 925 castrum
852 868 983 925 sanctae
1008 861 1132 924 Mariae
1147 861 1279 926 Teuto-

332 963 497 1039 nicorum,
517 960 610 1043 quod
629 959 753 1024 fratres
775 960 885 1041 ipsius
905 961 1027 1025 domus
1050 962 1087 1024 iu
1112 970 1280 1025 montana

331 1060 455 1125 Achon
473 1060 643 1125 aedificare
657 1068 850 1142 coeperunt,
866 1067 902 1124 et
916 1061 961 1124 ab
976 1060 1056 1124 olim
1074 1060 1168 1124 nullo
1183 1069 1277 1126 treu-

331 1181 452 1242 garum
479 1166 633 1243 tempore
666 1160 870 1242 permissum
897 1161 1034 1224 exstitit
1060 1160 1279 1239 Christianis,

331 1262 406 1342 ipse
423 1267 539 1324 tamen
561 1258 733 1324 Soldanus
755 1278 865 1342 usque
887 1259 931 1322 ad
949 1259 1051 1324 finem
1067 1267 1280 1342 treugarum,

332 1380 410 1443 quae
426 1357 518 1424 inter
539 1380 602 1423 nos
620 1366 655 1423 et
670 1360 784 1441 ipsum
806 1378 869 1442 per
883 1358 1085 1423 decennium
1108 1367 1190 1424 sunt
1206 1368 1279 1424 sta-

332 1466 432 1537 tutae,
454 1458 599 1523 aedificia
620 1458 676 1523 vel
701 1466 816 1523 castra
846 1458 964 1541 aliqua
986 1459 1028 1522 de
1050 1479 1142 1523 novo
1166 1459 1280 1524 facere

333 1560 389 1623 vel
410 1559 580 1623 aedificare
604 1578 673 1622 non
697 1559 810 1622 debet.
856 1557 981 1640 Sicque
1007 1557 1062 1623 die
1084 1559 1280 1636 Dominica,

334 1658 466 1722 decimo
490 1657 691 1722 octavodie
713 1657 840 1721 mensis
862 1657 1041 1721 Februarii
1061 1678 1171 1740 nuper
1192 1680 1281 1741 prae-

334 1757 440 1835 teriti,
464 1757 519 1821 die
541 1756 672 1821 scilicet
692 1757 729 1819 in
751 1776 820 1839 quo
842 1755 1002 1820 Christus
1028 1758 1096 1821 Dei
1125 1758 1236 1821 Filius
1259 1779 1280 1822 a

335 1856 479 1921 mortuis
500 1856 701 1933 resurrexit,
723 1863 759 1920 ct
780 1856 817 1919 in
839 1857 1039 1920 memoriam
1058 1860 1280 1923 resurrectio·

334 1957 388 2020 nis
415 1955 608 2020 Dominicae
629 1975 651 2019 a
674 1955 887 2020 Christianis
901 1957 1059 2020 omnibus
1082 1964 1154 2020 tam
1179 1978 1282 2039 gene·

334 2056 453 2120 raliter
475 2075 578 2139 quam
609 2055 809 2120 solemniter
834 2055 959 2119 colitur
984 2064 1020 2121 et
1038 2065 1223 2122 veneratur
1244 2061 1280 2122 in

336 2157 430 2234 orbe,
453 2154 635 2219 concordia
654 2154 851 2238 hujusmodi
873 2154 1050 2220 hincinde
1069 2158 1206 2221 exstitit
1223 2159 1281 2242 ju·

334 2264 490 2319 ramento
505 2255 653 2319 firmata.
699 2255 792 2318 Vere
808 2254 917 2337 igitur
935 2275 1027 2319 nunc
1043 2257 1141 2320 nobis
1155 2264 1190 2321 et
1208 2277 1282 2321 om·

335 2356 436 2419 nibus
458 2355 616 2419 illuxisse
637 2343 751 2418 denuo
771 2355 866 2419 visus
889 2362 943 2419 est
960 2355 1033 2419 dies
1058 2355 1128 2433 ille,
1152 2357 1189 2420 in
1211 2378 1281 2440 quo

334 2456 449 2537 angeli
469 2455 667 2519 cecinerunt
689 2455 779 2530 Deo,
806 2452 950 2518 ‘Gloria
974 2456 1010 2518 in
1033 2456 1180 2520 excelsis
1204 2458 1281 2523 Deo

335 2555 423 2618 etin
443 2562 538 2618 terra
558 2574 643 2637 pax,
665 2553 861 2618 hominihus
881 2555 973 2618 bona
990 2556 1178 2621 voluutas!
1222 2557 1281 2622 Ad

335 2653 603 2735 recognitionem
627 2674 710 2718 vero
733 2663 804 2718 tam
830 2653 971 2736 grandis
995 2656 1151 2719 beneficii
1174 2659 1281 2722 tanti-

335 2774 402 2836 que
424 2753 577 2831 honoris,
600 2774 691 2836 quac,
716 2761 842 2836 praeter
864 2754 987 2818 merita
1006 2764 1126 2819 nostra
1148 2763 1183 2820 et
1198 2777 1281 2820 cou-

335 2860 390 2916 tra
419 2854 614 2937 opinionem
645 2854 842 2931 multorum,
865 2853 910 2917 ad
936 2875 1119 2936 perennem
1150 2857 1283 2921 miseri-

334 2954 461 3017 cordiae
477 2973 549 3017 suae
572 2953 708 3017 laudem
732 2954 998 3019 misericorditer
1019 2955 1166 3020 contulit
1182 2957 1282 3021 nohis

336 3053 446 3130 Deus,
465 3061 500 3117 et
517 3061 556 3118 nt
572 3054 608 3117 in
623 3053 700 3118 loco
720 3073 783 3118 suo
803 3062 925 3118 sancto
941 3055 1087 3120 vitulum
1110 3056 1281 3120 labiorum

336 3162 531 3217 nostrorum
553 3154 781 3236 personaliter
802 3153 982 3218 offeremus
1004 3148 1129 3233 eidem,
1148 3158 1284 3221 noveri-

337 3253 394 3330 tis,
416 3252 509 3335 quod
527 3252 582 3316 die
599 3254 748 3329 sabbati,
765 3254 897 3318 decimo
915 3254 1062 3338 septimo
1083 3255 1137 3319 die
1154 3259 1282 3321 mensis

338 3351 458 3416 Martii
480 3351 585 3435 hujus
611 3352 773 3417 secundae
796 3353 1006 3432 indictionis,
1033 3373 1109 3418 cum
1133 3358 1283 3439 peregri-

337 3453 390 3516 nis
407 3453 578 3528 omnihnS‚
591 3453 650 3534 qui
665 3453 842 3516 nobiscum
860 3452 1006 3517 fideliter
1020 3453 1196 3519 Christum
1215 3456 1283 3520 Dei

339 3552 465 3616 Filium
496 3559 579 3615 sunt
600 3551 722 3629 secuti,
746 3552 952 3616 intravimus
975 3561 1131 3618 sanctam
1159 3556 1283 3620 civita·

336 3659 407 3715 tem
431 3650 665 3728 Hierusalem,
691 3659 726 3715 et
746 3650 877 3728 statim,
900 3659 1065 3735 tanquam
1090 3654 1282 3720 catholicus

336 3751 534 3832 imperator,
555 3750 699 3814 adorato
719 3751 902 3833 sepulchro
919 3751 1102 3818 Dominico
1123 3775 1289 3838 reveren<

336 3858 401 3928 ter,
436 3851 595 3932 sequenti
626 3849 682 3914 die
714 3843 891 3915 ¹coronam
920 3853 1147 3934 portavimus,
1178 3875 1283 3938 quam

372 3998 540 4065 ¹Coronnm.]
570 4002 689 4051 Frederic
706 4003 797 4064 placed
821 4017 875 4052 was
903 4005 1069 4067 unattended,
1095 4005 1222 4070 however,
1250 4011 1285 4073 by

336 4071 379 4120 the
394 4086 479 4120 crowu
496 4087 564 4133 upon
584 4072 624 4120 his
643 4087 700 4121 own
722 4071 798 4134 head,
821 4087 871 4133 any
879 4074 907 4122 ol
916 4075 958 4124 the
970 4076 1091 4138 religione
1107 4077 1192 4127 cilices
1208 4083 1286 4130 usual

336 4142 429 4191 amidst
454 4141 529 4190 much
562 4157 638 4204 pomp
668 4143 718 4190 and
749 4143 798 4191 cir·
821 4143 1080 4208 unsuchoccasicns3
1097 4148 1286 4216 seeMichaud,

337 4216 481 4262 cumstanee
498 4212 617 4273 supplied
633 4212 720 4274 hythe
732 4212 798 4262 Ger·
822 4212 859 4263 iii.
871 4229 898 4274 p.
910 4217 950 4265 39.
979 4219 982 4223 ’
1268 4221 1271 4226 “

336 4297 393 4332 man
416 4281 466 4332 and
480 4281 603 4331 Teutonic
623 4281 736 4344 knights.
772 4283 799 4331 It
