2864 4866
423 417 564 467 rnoans
587 417 857 466 ursroarxnou.
1051 401 1117 471 201

167 582 337 658 quatenus
359 575 450 641 sicut
472 576 534 641 filii
555 578 731 642 naturales
756 577 910 641 ecclesiae
933 575 1116 653 Romanae,
1129 597 1255 687 ,Affssssm

168 695 246 758 quae
260 682 371 740 mater
383 683 437 740 est
448 678 598 740 omnium
614 678 848 755 ecclesiarum,
865 684 1024 760 potenter
1038 679 1118 742 sub-
1129 697 1219 737 curma
1227 699 1255 764 ‚sy

167 772 321 853 venia'nt,
345 795 401 853 ne,
430 777 523 858 quod
552 777 656 854 absit,
687 778 766 860 ipsa
792 777 984 854 deficiente,
1010 797 1117 841 mem·
1129 748 1227 838 ihdnssi’de
1234 759 1244 787 ⁸

167 876 231 938 bra
260 895 338 939 curn
365 876 479 959 capite
505 878 729 941 succumbere
752 877 945 942 videantur.
991 876 1060 940 His
1083 885 1119 942 et

168 975 245 1038 aliis
262 975 299 1038 in
313 975 404 1038 hunc
425 975 565 1040 modum
586 977 623 1040 in
644 977 843 1041 authentico
865 977 994 1040 domini
1016 996 1118 1060 papae

169 1081 328 1157 patenter
348 1077 535 1158 expressis,
557 1078 730 1159 persuasit
742 1077 909 1159 magister
922 1076 1119 1160 Stephanus

170 1175 328 1245 omnibus
355 1176 415 1257 qui
440 1175 598 1253 aderant,
625 1184 666 1240 ut
686 1178 932 1254 consentirent,
962 1177 1119 1259 allegans

170 1274 333 1338 honorem
349 1283 386 1339 et
401 1275 629 1352 commodum,
646 1269 741 1359 ¹quae
758 1283 901 1359 possent
916 1277 1042 1340 exinde
1059 1279 1121 1341 ob-

171 1375 442 1457 temperantibus
458 1376 650 1458 provenire.
684 1375 765 1440 Rex
782 1384 898 1440 autem
912 1377 1119 1458 Anglorum,

172 1494 284 1557 aquo
309 1475 426 1538 caeteri
448 1494 567 1538 omnes
592 1477 778 1558 sperabant
799 1476 925 1540 habere
950 1476 1120 1541 defensio·

173 1575 226 1637 nis
246 1574 427 1651 auxilium,
450 1576 509 1657 qui
532 1573 656 1639 Romae
678 1595 740 1659 per
762 1583 1003 1659 procuratores
1025 1596 1118 1654 suos,

173 1680 212 1736 ut
228 1674 465 1756 supradictum
488 1681 553 1752 est,
576 1676 620 1738 ad
641 1675 790 1739 decimas
807 1675 991 1741 solvendas
1007 1676 1121 1740 fuerat

173 1774 358 1855 obligatus,
376 1794 445 1838 non
467 1775 581 1857 potuit
595 1775 852 1855 contradicere3
875 1783 923 1853 et,
939 1796 1018 1840 cum
1035 1777 1120 1840 nihil

171 1874 406 1956 responderet,
431 1875 526 1938 visus
549 1882 602 1938 est
627 1875 774 1939 tacendo
801 1894 1005 1939 consensum
1031 1895 1120 1958 prae·

172 1973 263 2036 bere.
316 1973 470 2038 Comites
497 1993 580 2038 vero
604 1982 640 2039 et
664 1976 811 2039 barones
838 1996 878 2040 ac
900 1976 980 2039 laici
1003 1995 1121 2041 omnes

172 2073 275 2154 plane
305 2074 455 2138 decimas
489 2094 528 2137 se
563 2074 706 2139 daturos
733 2074 1029 2153 contradixerunt,
1061 2096 1122 2140 no·

173 2173 282 2238 lentes
304 2175 466 2238 baronias
488 2193 570 2238 suas
585 2175 641 2239 vel
663 2175 772 2239 laicas
792 2177 1026 2258 possessiones
1047 2175 1122 2240 Ro·

174 2292 285 2337 manae
311 2274 464 2338 ecclesiae
489 2276 656 2356 obligare.
709 2275 873 2358 Episcopi
894 2295 1042 2359 quoque,
1062 2277 1124 2339 ab·

173 2373 284 2451 batcs,
308 2374 440 2457 priores
466 2381 502 2438 ct
526 2376 586 2439 alii
615 2375 836 2439 ecclesiarum
869 2376 1017 2458 praelati,
1043 2383 1123 2459 post

174 2472 278 2536 trium
295 2474 351 2538 vel
366 2481 516 2557 quatuor
532 2475 665 2538 dierum
682 2474 963 2540 deliberationem
981 2483 1016 2541 et
1031 2495 1124 2539 mur-

172 2576 403 2638 murationem
419 2594 488 2639 non
505 2575 687 2652 modicam,
705 2576 845 2639 tandem
863 2583 1123 2652 consenserunt,

175 2680 366 2738 metuentes
387 2676 752 2739 excommunicationis
775 2678 980 2740 sententiam
997 2676 1053 2740 vel
1068 2675 1123 2738 in·
1156 2746 1157 2749 Ἴ

175 2774 312 2838 terdicti
327 2774 393 2838 sibi
407 2774 537 2852 inferri,
555 2774 585 2838 si
607 2776 779 2852 mandatis
802 2776 1002 2859 apostolicis
1025 2776 1122 2840 obvi-

177 2886 287 2939 arent.
338 2873 439 2938 Tunc
456 2875 623 2956 magister
635 2874 832 2959 Stephanus
843 2876 997 2958 praelatis
1013 2876 1123 2938 omni-

175 2975 240 3038 bus
261 2975 381 3038 literas
404 2974 533 3038 domini
553 2993 654 3057 papae
676 2973 932 3057 procuratorias
960 2974 1124 3051 ostendit,

176 3075 300 3156 quibus
317 3075 407 3139 idem
422 3094 514 3157 papa
528 3075 642 3156 ipsum
657 3074 701 3137 ad
723 3074 834 3138 dictas
857 3074 1006 3138 decimas
1029 3074 1125 3137 colli·

176 3175 308 3256 gendas
331 3182 588 3258 procuratorem
605 3177 845 3250 constituerat,
868 3181 907 3237 ut
922 3194 990 3238 non
1005 3193 1125 3238 secun·

176 3274 256 3337 dum
281 3277 496 3339 taxationem
518 3274 646 3338 factam
668 3274 703 3336 in
719 3274 893 3351 vicesima,
917 3294 995 3356 quae
1020 3272 1125 3356 paulo

177 3381 258 3438 ante
278 3376 351 3457 regi
368 3375 452 3439 data
466 3375 578 3438 luerat
593 3394 657 3457 pro
680 3374 897 3438 libertatibus
921 3372 1126 3450 obtinendis,

176 3474 238 3537 sed
260 3475 449 3539 secundum
472 3474 565 3558 quod
585 3474 707 3538 melius
730 3481 888 3556 possunt,
911 3473 953 3536 ad
976 3492 1126 3536 commo·

178 3574 259 3637 dum
292 3575 421 3638 domini
453 3593 566 3657 papae,
593 3581 629 3637 et
659 3574 798 3638 uberius
825 3574 940 3637 omnia
969 3574 1063 3637 bona
1093 3579 1128 3636 et

178 3674 318 3739 mobilia
354 3675 568 3756 singulorum
603 3675 737 3752 taxari3
765 3666 926 3738 videlicet
950 3672 992 3736 de
1020 3672 1128 3736 omni-

177 3776 241 3838 bus
272 3774 474 3852 redditibus,
504 3775 738 3856 proventibus,
769 3773 936 3838 fructibus
968 3792 1127 3836 carruca·

178 3895 266 3952 rum,
297 3875 544 3952 oblationibus,
572 3873 726 3949 decimis,
749 3874 968 3936 nutrimentis
997 3874 1127 3936 anima·

178 3975 263 4038 lium
283 3983 319 4039 et
343 3974 526 4052 fructibus,
545 3982 581 4037 et
608 3972 650 4035 de
674 3974 832 4036 omnibus
864 3973 1129 4036 obventionibus

399 4193 405 4225 ¹
418 4196 479 4251 Quae
492 4194 611 4258 possent]
629 4195 659 4242 In
672 4193 730 4244 MS.
742 4194 748 4221 ‘
758 4193 802 4255 qui
814 4197 907 4255 posset.
