2864 4866
392 409 534 459 sponse
556 410 825 460 ursroumnuu.
1019 394 1085 460 279

131 568 376 647 thesaurarius,
408 569 516 653 Hugo
547 570 662 652 Bigod
693 588 808 634 comes
837 570 880 634 de
893 569 1080 650 'Nortfolc,
1098 580 1221 622 ΛΜΝ·

131 668 327 734 Willelmus
356 691 472 736 comes
504 671 779 749 Sareshiriensis,
809 670 1007 736 Willelmus
1037 673 1081 737 de
1233 682 1237 686 '

130 769 384 855 Bello-campo,
400 770 597 836 Willelmus
627 772 670 836 de
692 770 861 836 Albeneio
886 771 1017 855 junior,
1045 780 1081 837 et

131 869 190 933 alii
220 871 331 948 multi,
363 872 423 955 qui
457 871 541 937 nudi
571 872 744 952 fugientes
771 872 887 935 omnia
912 892 991 954 quae
1015 892 1081 938 sua

130 979 230 1035 erant
260 972 472 1052 amiserunt;
501 972 593 1035 unde
619 971 749 1035 factum
772 978 836 1048 est,
860 971 951 1054 quod
979 972 1079 1037 multi

129 1070 172 1134 de
197 1071 352 1136 exercitu
374 1073 477 1153 regis,
503 1078 539 1135 et
561 1071 612 1135 illi
638 1072 811 1155 praecipue
835 1073 894 1153 qui
914 1090 1020 1153 equos
1043 1081 1078 1138 et

129 1188 225 1233 arma
243 1178 278 1234 et
289 1171 469 1253 pecuniam
486 1171 673 1236 amiserant
688 1170 897 1248 universam,
914 1173 1077 1237 receden-

129 1274 182 1333 tes
205 1290 283 1335 cum
303 1272 457 1335 maxima
477 1271 679 1336 confusione
700 1270 745 1336 ad
767 1272 907 1354 propria
928 1278 1009 1336 sunt
1024 1292 1078 1337 re-

128 1371 232 1435 versi.
283 1370 383 1436 Tunc
410 1392 484 1448 rex,
511 1373 570 1454 qui
597 1371 697 1454 quasi
720 1371 815 1435 solus
842 1372 933 1436 inter
959 1372 1076 1437 hostes

129 1478 353 1550 remanserat,
382 1473 500 1555 posuit
525 1472 562 1535 in
587 1472 711 1537 castris
736 1470 877 1536 Walliae
900 1474 1076 1555 ruptarios

128 1569 367 1650 Pictavenses,
391 1574 451 1655 qui
473 1573 640 1654 impetum
669 1572 894 1654 reprimerent
919 1571 1074 1638 inimico·

128 1691 204 1734 rum
220 1691 373 1750 suorum,
395 1679 431 1737 et
447 1673 627 1738 constituit
640 1672 812 1755 principes
835 1671 928 1735 illius
944 1673 1076 1738 militiae

126 1772 219 1836 viros
244 1774 389 1851 nobiles,
410 1773 434 1837 J
437 1774 607 1837 ohannem
629 1773 929 1837 Monemutensem
949 1780 984 1836 et
1001 1772 1076 1837 Ra-

126 1872 292 1956 dulphum
314 1874 358 1938 de
376 1872 545 1950 Thoenio,
568 1874 623 1937 cui
645 1874 751 1937 etiam
772 1871 867 1936 dedit
894 1873 1074 1938 castellum

127 1972 297 2052 Matildis,
317 1976 407 2058 quod
425 1975 618 2057 antiquitus
641 1974 695 2037 sui
712 1972 803 2057 juris
826 1980 922 2053 erat;
953 1982 1000 2050 et,
1020 1973 1074 2037 his

124 2073 176 2147 ita
200 2075 320 2155 gestis,
349 2095 414 2138 rex
446 2074 538 2157 apud
569 2073 794 2139 Gloverniam
823 2092 982 2143 reversus
1009 2080 1073 2139 est.

127 2172 257 2238 Eodem
275 2181 441 2257 tempore,
462 2176 499 2239 in
520 2174 690 2258 principio
709 2173 836 2237 mensis
857 2171 1074 2252 Novembris,

125 2272 245 2339 audita
285 2282 367 2339 sunt
404 2276 559 2340 tonitrua
599 2273 800 2339 horribiles
818 2274 1075 2337 coruscationes

126 2374 320 2438 emittentia
345 2394 407 2458 per
431 2376 504 2439 dies
524 2374 713 2458 plurimos;
743 2372 833 2436 unde
849 2373 917 2437 dici
937 2374 1025 2437 solet
1038 2373 1075 2436 in

125 2474 269 2556 antiquo
301 2476 509 2540 rusticorum
538 2474 730 2558 proverbio,
753 2473 836 2556 quia
862 2473 984 2537 mulier
1007 2493 1076 2537 non

125 2574 227 2638 dehet
245 2575 364 2657 lugere
380 2582 525 2640 mortem
542 2574 659 2639 mariti
681 2573 735 2640 vel
759 2572 905 2636 filiorum
922 2593 1076 2651 suorum,

125 2674 185 2738 sed
212 2676 378 2740 tonitrum
400 2677 517 2759 potius
547 2675 718 2758 hyemale,
749 2672 831 2756 quia
854 2692 990 2756 semper
1014 2681 1075 2738 aut

124 2774 249 2839 famem
274 2783 337 2840 aut
358 2776 604 2841 mortalitatem
619 2778 674 2841 vel
697 2774 768 2839 tale
791 2772 923 2856 aliquid
945 2773 1076 2839 denun-

125 2876 190 2941 tiat
204 2875 413 2941 adfuturum.

184 3050 234 3114 Dc
246 3050 343 3135 proni
357 3049 501 3132 conflictu
514 3051 597 3114 inter
612 3047 839 3114 Marescallum
853 3055 881 3112 et
899 3039 908 3076 ¹
911 3053 1013 3132 pentes

485 3149 727 3214 transmarinos.

176 3275 306 3340 Eodem
329 3283 496 3360 tempore,
518 3295 594 3340 cum
618 3294 733 3339 comes
757 3271 985 3337 Marescallus
1008 3277 1077 3334 ter·
1089 3287 1135 3327 ιιι
1125 3287 1187 3377 {⁸¹¹

127 3394 184 3439 ras
209 3375 359 3440 hostium
387 3395 526 3440 suorum
545 3376 723 3456 ingressus
745 3375 881 3456 praedas
903 3379 1022 3454 ageret
1043 3348 1154 3434 etnim
1128 3338 1206 3476 {dffe-

127 3483 283 3541 armenta
320 3482 403 3541 cont
389 3476 553 3553 t,raheret
581 3475 679 3540 venit
717 3492 801 3537 casu
836 3473 881 3536 ad
914 3471 1077 3555 oppidum
1091 3448 1225 3578 siffis

128 3575 403 3652 Monemutense,
439 3575 531 3659 quod
564 3581 640 3639 erat
667 3574 734 3637 sibi
766 3573 988 3649 contrarium,
1018 3571 1079 3635 ubi

122 3675 249 3760 jubens
272 3677 460 3741 exercitum
485 3696 585 3740 suum
607 3674 796 3789 procedere
817 3673 861 3737 od
887 3672 1079 3756 expeditio·

126 3796 205 3840 nem
221 3777 434 3854 inchoatam,
454 3796 534 3841 cum
553 3785 691 3841 centum
714 3775 817 3839 sociis
839 3774 1011 3857 equitibus
1035 3771 1079 3835 ad

128 3878 310 3942 castellum
348 3877 503 3955 divertit,
540 3884 581 3941 ut
615 3877 721 3940 situm
755 3874 832 3959 ejus
869 3873 1079 3957 exploraret,

127 3978 218 4060 quod
252 3985 334 4062 post
364 3978 438 4042 dies
462 3996 592 4060 paucos
615 3976 796 4060 proposuit
815 3974 995 4054 obsidere;
1022 3972 1081 4054 qui

162 4159 272 4212 'Gentes
293 4160 504 4224 transmarinos]
538 4160 685 4212 ‘Gentibus
702 4153 888 4209 transmarinis’
907 4158 933 4206 in
951 4156 1018 4219 MS,
1035 4156 1083 4204 but

126 4233 233 4284 marked
246 4233 285 4283 tor
296 4232 443 4282 correction.
