2864 4866
379 409 521 459 ruoars
541 409 812 463 ursromsaun.
1001 398 1068 464 alt

119 567 261 631 bertum·
273 586 410 650 quoquc¹
432 567 482 632 de,
498 568 630 649 Burgo‚
647 567 864 635 Gilebertum
886 572 1014 639 Basset
1032 582 1068 639 et
1080 589 1203 630 amar·

121 665 332 731 Richardum
350 666 483 733 Siuard,
497 667 587 732 inter
603 667 810 734 domesticos
829 678 865 735 et
880 672 1067 750 familiares

120 765 334 831 consiliarios
353 767 504 843 admisit,
527 773 610 830 tunc
632 767 733 850 plene
748 769 959 853 intelligens,
975 774 1067 854 quod

119 865 272 946 priorum
303 865 417 946 suerat
447 865 704 931 consiliatorum
736 871 867 934 astutia
890 871 1067 950 seductus,

120 965 181 1046 qui
203 982 241 1028 se
260 965 362 1030 modo
386 966 611 1030 cauteriatam
633 965 800 1032 habentes
822 970 1067 1047 conscientiam

119 1082 142 1126 a
156 1064 248 1145 regis
263 1065 450 1147 praesentia
465 1065 725 1148 subtrahebant.

155 1238 247 1317 Quod
259 1260 312 1303 rec
326 1238 672 1326 rationaliumque
682 1240 778 1305 Petro
793 1238 984 1326 dcliiculiis
998 1249 1027 1306 ct

230 1338 383 1424 Sirpium
398 1338 435 1405 do
452 1339 585 1424 Scprccc
599 1347 627 1402 ct
641 1338 771 1404 Robcrto
787 1339 967 1425 Pastum.

171 1463 214 1526 In
236 1463 355 1527 eodem
378 1469 494 1527 autem
517 1463 691 1545 colloquio
713 1463 949 1540 Eadmundus,
975 1462 1067 1527 Can·
1080 1473 1131 1562 {ii
1123 1475 1181 1570 23¹⁰

120 1564 303 1626 tuariensis
324 1562 612 1645 archiepiscopus,
635 1562 717 1626 actt
732 1563 869 1626 recitari
892 1562 1115 1662 exemplarse
1080 1574 1115 1613 su
1116 1574 1171 1622 rhen
1175 1551 1207 1613 ’de

119 1661 297 1726 literarum
318 1662 361 1725 de
382 1661 575 1744 proditione
592 1661 760 1727 Richardi
779 1663 914 1725 comitis
932 1662 1092 1725 Mares·
1079 1624 1176 1761 ΞΞΞΞ
1163 1675 1209 1762 hep

120 1761 201 1825 calli
226 1780 346 1825 coram
369 1780 452 1842 rege
482 1768 519 1825 et
545 1762 707 1827 universo
736 1767 910 1826 conventu
935 1762 1103 1862 episco-
1078 1773 1177 1861 essedtto

120 1879 254 1942 porum,
277 1860 439 1924 comitum
461 1860 592 1942 pariter
617 1880 663 1925 ac
682 1862 861 1937 baronum,
884 1861 944 1943 qui
966 1833 1103 1925 adiu·ac

118 1966 231 2036 erunt,
263 1979 341 2041 quae
373 1978 396 2022 a
423 1959 628 2025 consihariis
660 1960 753 2041 regis
783 1961 898 2023 missae
929 1960 1068 2025 fuerant

119 2059 163 2121 ad
188 2066 368 2140 magnates
394 2057 574 2123 Hiberniae
588 2078 602 2141 ;1
629 2058 720 2122 unde
750 2078 813 2122 rex
844 2058 919 2140 ipse
945 2060 1067 2124 etalii

119 2176 250 2234 omnes,
272 2158 333 2239 qui
354 2176 413 2221 eas
435 2158 635 2235 audiebant,
657 2159 854 2222 contristati
868 2166 950 2222 suut
964 2158 1066 2223 valde

118 2264 153 2321 et
168 2276 279 2339 usque
300 2255 345 2320 ad
367 2255 622 2338 lachrymarum
637 2257 836 2321 effusionem
858 2259 1065 2339 compuncti.
1169 2259 1173 2268 ’

118 2355 200 2419 Rex
221 2362 338 2419 autem
355 2355 534 2419 confessus
556 2362 610 2418 est
623 2355 661 2418 in
676 2357 835 2433 veritate,
856 2357 949 2439 quod
972 2377 1065 2420 com·

117 2455 237 2537 pulsus
275 2454 319 2517 ab
357 2455 519 2536 episcopo
550 2454 783 2520 Wintoniensi
816 2463 853 2520 et
886 2455 993 2520 Petro
1022 2457 1066 2520 de

118 2554 268 2619 Rivallis
297 2560 333 2618 et
358 2553 435 2617 aliis
467 2553 672 2618 consiliariis
700 2556 773 2620 suis
788 2554 945 2637 jusserat
968 2556 1066 2638 sigil-

117 2653 189 2718 lum
204 2671 306 2716 suum
322 2653 450 2735 apponi
471 2653 508 2716 in
530 2654 736 2734 quibusdam
757 2655 866 2718 literis
888 2655 954 2718 sibi
975 2675 1065 2737 prar-

117 2752 274 2828 sentatis,
303 2752 365 2815 sed
394 2759 547 2816 tenorem
573 2752 710 2816 illarum
736 2772 774 2817 se
802 2772 976 2835 nunquam
1001 2773 1064 2818 an·

116 2852 209 2915 disse
225 2870 303 2914 cum
315 2850 515 2934 juramento
533 2850 726 2916 affirmavit.
771 2849 828 2915 Ad
845 2852 911 2916 hoc
926 2871 1066 2934 respon-

117 2951 201 3013 dens
219 2948 498 3031 archiepiscopus
511 2949 614 3027 dixit,
631 2955 642 2985 ‘
656 2950 877 3026 Scrutamini,
892 2970 968 3026 rex,
983 2971 1064 3015 con·

117 3049 296 3113 scientiam
318 3054 483 3125 vestram,
513 3049 595 3128 quia
620 3068 738 3112 omnes
762 3048 825 3124 illi,
857 3049 918 3131 qui
945 3049 1064 3112 literas

116 3148 195 3212 illas
229 3145 320 3211 mitti
358 3152 631 3229 procuraverunt
661 3154 697 3211 et
722 3145 826 3230 hujus
859 3147 1065 3229 proditionis

118 3247 247 3313 conscii
271 3245 423 3321 fuerunt,
453 3245 503 3307 rei
531 3252 614 3309 sunt
642 3245 685 3309 de
712 3253 822 3310 morte
852 3247 1064 3325 Marescalli,

116 3347 207 3424 acsi
228 3346 325 3409 illum
347 3343 496 3436 propriis
511 3345 670 3409 manibus
685 3345 914 3410 occidissent'
964 3346 1064 3410 Tunc

115 3466 191 3522 rex,
214 3445 333 3508 habito
350 3444 507 3521 consilio,
525 3443 607 3508 fecit
623 3464 747 3509 vocare
768 3464 831 3528 per
850 3445 969 3509 literas
993 3446 1063 3527 epi-

115 3564 258 3627 scopum
269 3543 558 3620 Wintoniensem,
577 3541 720 3608 Petrum
738 3545 781 3610 de
797 3544 958 3620 Rivallis,
970 3538 1065 3609 'Ste-

115 3643 267 3726 phanum
281 3643 325 3706 de
348 3642 501 3724 Segrave
523 3649 559 3707 et
576 3642 770 3709 Robcrtum
794 3642 1001 3720 Passelewe,
1023 3651 1063 3708 ut

116 3743 274 3809 venirent
297 3742 342 3805 ad
364 3742 491 3807 festum
513 3743 624 3808 sancti
650 3743 822 3808 Johannis
844 3744 1063 3808 ratiocinium

150 3941 319 4008 ¹Stepbouum
329 3945 358 3992 dc
374 3938 505 4011 Seneca]
528 3943 576 3993 See
602 3943 808 4005 Alkmundbury,
818 3943 1064 4007 Hanangdonshire

114 4017 141 4063 in
161 4015 204 4063 the
219 4013 406 4075 Archaeologia‚
422 4029 464 4062 xv.
481 4028 507 4074 p.
519 4016 577 4074 209,
603 4013 708 4075 grmted
729 4017 755 4061 to
772 4013 883 4073 Stepben
902 4013 934 4062 de
952 4014 1062 4076 Segrave

116 4099 133 4133 a
143 4098 208 4146 copy
219 4084 248 4132 of
261 4099 294 4134 an
312 4084 420 4145 original
436 4083 535 4132 charter
551 4081 580 4131 of
602 4083 660 4145 only
672 4097 704 4131 οιι
715 4082 756 4130 the
768 4082 819 4130 aad
836 4082 927 4132 March
944 4084 1063 4144 previous

116 4154 259 4216 exemptiou
281 4154 342 4204 irom
366 4152 443 4203 forest
464 4153 529 4205 lawr
550 4152 576 4201 in
601 4152 835 4222 tothissummons.
