2864 4866
439 407 580 456 neonus
605 407 874 458 nrsronmnuu.
1066 396 1134 461 153

179 568 306 649 posito,
337 587 400 649 per
429 568 607 632 dimidium
635 570 704 633 diei
734 570 888 652 spatium
922 570 1038 633 verbis
1067 571 1133 636 viri
1146 586 1263 677 1⁶1⁰
1213 585 1287 676 1²2⁷-⁸

181 667 248 730 Dei
268 667 484 732 intendentes
502 668 545 731 de
561 668 637 733 loco
651 689 721 733 non
736 676 818 732 sunt
834 677 951 746 motae,
968 670 1030 733 sed
1045 691 1134 735 sem·
1145 637 1287 728 totidem
1222 689 1285 727 ena

180 787 241 848 per
255 768 481 831 intuebantur
496 767 618 832 faeiem
634 769 869 851 praedicantis
909 769 1000 834 Haec
1016 780 1130 835 autem

180 887 234 930 res
250 866 463 931 admirabilis
484 887 562 931 cnm
581 888 603 931 a
623 869 757 933 civibus
780 868 948 933 Romanis
972 870 1075 934 simul
1098 882 1133 936 et

181 967 225 1030 ab
254 967 465 1031 intrantibus
497 969 616 1031 urbem
645 976 681 1032 et
714 970 924 1033 exeuntibus
956 979 1134 1053 comperta

179 1065 313 1143 inisset,
328 1075 364 1131 et
380 1087 442 1149 per
455 1067 607 1131 triduum
621 1088 643 1131 a
658 1069 734 1132 viro
751 1069 819 1132 Dei
841 1068 990 1151 idipsum
1009 1071 1132 1135 avibus

180 1168 378 1230 convocatis
393 1167 596 1249 replicatum
612 1169 983 1244 exstitisset,exierunt
997 1169 1040 1233 de
1051 1171 1133 1235 civi-

181 1273 252 1330 tate
274 1267 388 1331 clerus
407 1287 486 1330 cum
512 1268 641 1351 populo
664 1268 773 1333 multo
795 1269 1051 1333 introducentes
1073 1270 1133 1334 ho

181 1366 306 1430 minem
336 1367 405 1430 Dei
433 1387 511 1430 cum
534 1369 758 1432 veneratione
786 1388 914 1450 magna
938 1371 974 1433 in
1000 1370 1132 1449 urbem,

180 1485 326 1548 quornm
344 1466 505 1550 deinceps
529 1468 636 1532 eorda
655 1468 870 1533 infructuosa
893 1476 928 1532 et
945 1471 1132 1551 pertinaci·

179 1573 233 1630 ter
247 1567 418 1631 obdurata
432 1567 508 1632 oleo
523 1567 780 1650 praedicationis
797 1570 1009 1633 obsecrantis
1024 1571 1131 1634 emol-

181 1665 268 1730 liens
287 1668 323 1730 in
348 1667 472 1732 melius
494 1670 733 1732 commutavit.
773 1668 890 1751 Coepit
906 1671 1025 1753 itaque
1040 1671 1130 1734 cele·

180 1766 240 1828 bre
254 1786 378 1830 nornen
396 1768 472 1850 ejus
494 1788 557 1850 per
579 1769 761 1832 universos
780 1768 896 1832 Italiae
911 1768 996 1833 fines
1011 1771 1062 1834 ita
1078 1770 1130 1834 di·

124 1912 128 1917 -
179 1866 296 1944 lutari,
319 1867 413 1949 quod
435 1868 535 1931 multi
562 1868 695 1932 nobiles
721 1869 831 1950 ipsius
857 1868 1054 1950 exemplum
1076 1889 1130 1934 se-

179 1967 262 2043 cuti,
282 1966 403 2031 relicto
423 1968 540 2031 seculo
563 1986 641 2031 cum
665 1968 759 2031 vitiis
782 1974 817 2031 et
843 1970 1130 2050 concupiscentiis

179 2065 267 2150 ejus,
289 2086 366 2131 sese
398 2067 599 2149 magisterio
628 2086 692 2131 suo
721 2066 957 2132 subdiderunt.
1011 2067 1130 2134 Crevit

178 2165 286 2248 igitur
302 2168 339 2230 in
354 2168 452 2231 brevi
474 2167 529 2230 hic
547 2167 631 2230 ordo
648 2167 791 2230 fratrum
810 2166 1053 2249 praedictorum
1068 2190 1130 2251 per

178 2267 294 2330 orbem
319 2268 531 2344 universum,
554 2268 627 2349 qui,
650 2268 686 2329 in
710 2268 851 2331 urbibus
874 2266 1071 2331 habitantes
1094 2278 1130 2333 et

176 2367 341 2443 castellis,
367 2367 446 2430 deni
467 2374 504 2430 et
518 2368 653 2448 septeni
675 2368 838 2431 exierunt
859 2367 895 2430 in
912 2367 1031 2431 diebus
1048 2369 1129 2446 illis,

176 2486 238 2549 per
260 2466 362 2531 villas
387 2474 423 2530 et
447 2466 611 2530 eeclesias
638 2467 853 2548 parochiales
882 2468 1025 2531 verbum
1046 2469 1128 2533 vitae

177 2566 418 2649 praedicantes,
434 2573 470 2630 et
487 2567 597 2631 turbis
620 2568 816 2648 agrestibus
839 2568 1008 2631 virtutum
1030 2568 1129 2650 plan-

178 2667 268 2731 taria
293 2668 483 2730 inserentes
510 2666 659 2730 fructum
688 2667 874 2749 plurimum
902 2688 980 2731 eum
1013 2670 1128 2732 usuris

178 2768 282 2830 etiam
301 2767 452 2830 Domino
474 2766 698 2846 obtulerunt;
722 2787 785 2830 nec
805 2767 918 2830 solum
937 2768 1027 2832 inter
1045 2768 1128 2832 fide·

177 2867 228 2930 les
249 2886 367 2930 semen
390 2867 486 2931 verbi
509 2867 577 2931 Dei
598 2875 634 2931 et
655 2886 767 2930 rorem
788 2867 954 2931 doctrinae
979 2869 1128 2932 caelestis

178 2975 456 3048 consperserunt,
468 2987 586 3031 verum
602 2966 761 3030 etiamad
775 2967 953 3047 gentilium
968 2968 1127 3048 regiones

176 3075 212 3131 et
228 3067 478 3132 Saracenorum
500 3067 658 3130 nationes
680 3086 718 3129 se
734 3065 948 3129 conferentes
964 3066 1126 3148 perhibu-

176 3175 278 3231 erunt
292 3167 525 3231 testimonium
538 3165 690 3243 veritati,
704 3166 795 3229 inter
805 3185 893 3248 quos
906 3167 1011 3229 etiam
1026 3167 1126 3231 multi

177 3287 222 3331 ex
236 3269 286 3331 eis
302 3268 346 3331 ad
363 3267 521 3352 martyrii
535 3266 681 3348 gloriam
699 3273 941 3348 pervenerunt.

188 3442 238 3505 De
251 3462 400 3505 concursu
407 3441 597 3527 popahram
611 3440 657 3504 ad
670 3438 786 3504 obitum
791 3439 915 3523 fratris
931 3460 1006 3523 saepe
1020 3439 1109 3505 dicti.

226 3567 381 3630 Tandem
401 3587 497 3644 vero,
519 3586 595 3630 cum
618 3566 749 3629 amicus
773 3565 841 3629 Dei
868 3565 1073 3628 Franciscns
1087 3567 1266 3634 inuentus

176 3668 262 3731 urbe
294 3667 409 3731 Roma
443 3667 546 3731 simul
582 3673 617 3729 et
646 3667 748 3730 terris
781 3665 1019 3747 adjacentibus
1045 3685 1124 3729 cum
1136 3644 1230 3685 Μὴ

176 3767 339 3831 fratribus
362 3767 434 3830 suis
459 3787 522 3850 per
542 3785 651 3829 annos
676 3765 804 3829 multos
825 3765 1044 3846 evangelium
1060 3786 1123 3848 pa-

176 3869 226 3931 cis
255 3866 491 3951 praedicasset,
524 3873 560 3929 et
584 3866 752 3929 talentum
781 3866 847 3928 sibi
875 3866 1053 3941 creditum,
1084 3873 1124 3929 ut

176 3967 365 4031 foenerator
385 3968 548 4049 optimus,
566 3985 644 4029 cum
661 3967 775 4029 usuris
796 3965 1042 4047 multiplicibus
1060 3986 1124 4029 suo

175 4067 332 4149 largitori
364 4067 584 4142 restituisset,
609 4067 702 4129 venit
724 4067 811 4129 hora
833 4066 921 4148 ejus
947 4073 987 4128 ut
1010 4073 1123 4128 trans·

176 4168 242 4231 iret
257 4187 302 4231 ex
320 4166 386 4230 hoe
405 4167 533 4231 mundo
555 4166 599 4229 ad
620 4165 807 4242 Christum,
832 4173 867 4230 et
884 4186 947 4247 pro
970 4166 1125 4230 mercede
