2864 4866
205 579 260 617 Α.υ.
272 579 327 617 1230.

204 629 341 668 Dissensions

203 678 225 716 in
235 679 321 720 aranee.

363 389 429 456 212
617 410 751 457 nocant
775 409 822 456 nn
845 407 1052 457 wuunovnn

367 567 590 649 Burgundiae,
616 587 730 631 comes
756 567 935 643 Bononiae,
964 560 1092 630 ¹comes
1121 564 1164 627 de
1193 562 1314 637 Drius,

366 687 480 731 comes
500 666 542 730 de
567 667 702 744 Mascu,
723 686 837 731 comes
860 668 972 731 sancti
996 665 1110 741 Pauli,
1133 682 1247 727 comes
1270 662 1315 725 de

367 768 450 843 Bar,
466 767 681 848 Engeramus
697 767 740 830 de
757 767 873 844 Curci,
889 766 1065 830 Robertus
1079 764 1121 827 de
1137 761 1315 839 Curtenai,

367 874 401 931 et
419 860 519 930 multi
544 867 615 944 alii,
633 867 692 949 qui
711 867 820 951 jurati
841 875 876 930 et
894 864 1121 930 confoederati
1145 870 1255 937 erant,
1273 869 1313 925 ut

366 966 556 1043 dicebatur,
572 967 646 1048 regi
665 965 805 1048 Angliae
823 972 859 1029 et
872 966 989 1030 comiti
1009 964 1199 1028 Britanniae
1215 961 1315 1025 Hen-

366 1067 460 1144 rico;
491 1066 618 1129 bellum
641 1067 842 1130 indixerant
864 1065 1045 1129 comitibus
1071 1062 1316 1145 campaniensi

368 1171 402 1229 et
422 1166 649 1246 Flandrensi3
681 1167 740 1248 qui
768 1184 897 1240 omnes,
919 1165 1105 1247 impetrata
1130 1163 1269 1227 licentia
1292 1181 1314 1225 a

367 1284 449 1346 rege
473 1266 698 1342 Francorum,
724 1265 902 1348 completis
930 1266 966 1328 in
994 1264 1170 1328 obsidione
1194 1261 1314 1326 Ande·

368 1365 481 1446 gaviae
499 1365 730 1448 quadraginta
746 1365 877 1429 dierum
897 1364 1065 1441 excubiis,
1085 1363 1214 1428 reversi
1230 1369 1313 1426 sunt

366 1465 401 1527 in
421 1465 569 1547 patriam
596 1485 705 1529 suam.
758 1464 856 1543 Quos
876 1485 951 1543 rex,
969 1485 1047 1529 cum
1067 1464 1145 1528 illos
1166 1462 1315 1527 retinere

367 1585 436 1628 non
452 1567 577 1647 potuit,
594 1575 733 1631 secutus
753 1573 817 1643 est,
835 1573 886 1643 ut,
904 1566 933 1628 si
950 1562 1113 1648 possibile
1135 1569 1238 1637 esset,
1254 1583 1314 1626 eos

367 1664 541 1728 discordes
569 1666 613 1729 ad
636 1667 855 1731 concordiam
883 1665 1107 1743 reformaret3
1138 1663 1211 1740 sed,
1233 1683 1311 1727 cum

366 1762 456 1828 idem
482 1784 546 1828 rex
568 1767 700 1830 nobiles
720 1767 765 1830 ad
788 1785 906 1849 pacem
930 1765 1092 1829 reducere
1117 1764 1314 1828 nullatenus

367 1865 547 1946 potuisset,
569 1866 717 1947 ingressi
738 1873 820 1930 sunt
841 1885 919 1930 cum
937 1865 1033 1948 equis
1056 1873 1091 1930 et
1109 1865 1213 1929 armis
1237 1864 1314 1928 hos-

367 1963 474 2029 tiliter
496 1967 638 2030 comites
659 1975 787 2031 terram
809 1965 944 2030 comitis
968 1965 1168 2048 Campaniae
1191 1958 1314 2047 ²atque

365 2064 461 2127 illam
476 2065 555 2146 igue
570 2074 604 2130 et
616 2066 705 2130 ferro
718 2067 921 2150 depopulari
934 2074 1124 2149 coeperunt.
1169 2059 1314 2129 ³Comes

366 2184 448 2228 vero
472 2164 674 2249 Campaniae
704 2188 782 2233 cum
809 2168 941 2248 ingenti
975 2164 1186 2230 armatorum
1212 2167 1314 2248 copia

366 2263 522 2328 hostibus
538 2286 720 2332 occurrens
736 2267 892 2350 praelium
910 2274 1102 2349 campestre
1117 2266 1310 2342 commisit;

367 2373 405 2426 at
421 2366 575 2444 comites,
591 2375 662 2430 tam
685 2369 750 2431 sibi
772 2366 877 2449 quam
899 2367 972 2431 suis
992 2366 1186 2448 agminibus
1203 2366 1311 2429 virili-

366 2469 420 2526 ter
441 2465 654 2544 resistentes,
676 2487 720 2530 ex
744 2468 910 2531 militibus
938 2468 1031 2530 illius
1055 2466 1220 2531 ducentos
1245 2467 1310 2529 sub

367 2564 527 2646 captione
557 2567 799 2632 concluserunt
827 2574 862 2632 et
886 2567 1048 2631 tredecim
1080 2573 1311 2649 peremerunt.

368 2661 469 2740 Quod
482 2684 560 2729 oum
571 2687 685 2731 comes
699 2667 962 2751 Campaniensis
976 2667 1206 2751 cognovisset,
1219 2685 1312 2730 carn-

366 2782 448 2844 pum
480 2784 541 2847 per
571 2766 690 2849 fugam
721 2768 883 2845 deseruit,
914 2768 1006 2832 omni
1040 2767 1311 2831 commilitonum

366 2862 530 2946 suffragio
547 2865 747 2945 destitutus,
770 2887 870 2951 quern
885 2868 1072 2949 fugientem
1088 2868 1204 2932 hostes
1221 2868 1311 2930 acri-

365 2969 420 3026 ter
448 2964 681 3048 insequentes,
712 2975 746 3033 et
772 2986 1006 3051 quoscumque
1034 2968 1253 3051 attingebant
1274 2968 1312 3030 in

365 3082 424 3126 ore
453 3065 561 3145 gladii
591 3074 862 3150 prosternentes
893 3088 962 3131 non
992 3069 1176 3132 cessabant
1201 3067 1310 3131 donec

363 3162 476 3245 ipsum
502 3167 662 3231 comitem
685 3167 775 3230 infra
797 3175 916 3250 portas
945 3167 1132 3232 Parisiacae
1157 3167 1310 3232 civitatis

365 3281 467 3327 cursu
485 3266 606 3348 rapido
622 3268 847 3332 intruserunt.
888 3267 999 3345 Tunc,
1017 3268 1171 3332 nolentes
1188 3267 1309 3331 ulteri-

364 3382 405 3426 us
431 3365 568 3448 insequi
588 3367 697 3444 illnm,
720 3368 850 3432 reversi
872 3368 909 3430 in
930 3367 1155 3450 Campaniam
1180 3367 1309 3449 spolia-

363 3471 489 3527 verunt
511 3485 588 3529 eam
608 3458 730 3544 totam,
756 3475 869 3532 castra
896 3475 931 3532 et
948 3468 1136 3551 municipia
1158 3468 1310 3549 compla-

363 3572 499 3640 nantes,
523 3567 623 3630 villas
649 3575 684 3632 et
701 3569 803 3632 urbes
827 3568 907 3650 igne
932 3567 1199 3651 conflagrantes,
1221 3568 1309 3631 vites

397 3769 406 3802 ¹
416 3775 500 3822 Comes
508 3776 537 3823 de
548 3775 628 3824 Drino
640 3811 647 3826 .
666 3811 673 3826 .
693 3810 699 3823 .
711 3777 823 3837 Eagera·
881 3771 980 3838 'Atque
991 3811 997 3826 .
1009 3809 1015 3824 .
1027 3768 1186 3841 .coeperunt,]
1197 3776 1311 3838 wanting

361 3858 414 3891 mur
432 3845 461 3892 de
482 3845 588 3908 Cerci]
617 3847 670 3895 ‘Le
690 3849 770 3894 comte
789 3845 822 3894 de
845 3846 915 3895 inc.

361 3913 462 3976 Dreux,
478 3915 502 3963 le
520 3921 600 3965 comte
623 3917 655 3966 de
677 3913 781 3977 Micon,
796 3916 821 3965 le
881 3909 1217 3980 ³Comerver00ampooioe.]
1229 3914 1312 3964 Theo·

361 3989 441 4032 comte
458 3984 490 4033 de
507 3985 534 4034 S.
553 3986 631 4048 Paul,
647 3987 671 4034 le
692 3989 772 4035 comte
788 3986 821 4034 de
845 3985 905 4033 bald
925 3985 983 4046 IV,
1003 3984 1137 4033 sumamed
1159 3985 1184 4032 le
1203 3984 1310 4046 Grand3

360 4054 423 4114 Bar,
449 4055 616 4116 Enguerrand
641 4057 673 4104 de
701 4050 823 4116 Coucy;’-
845 4068 960 4115 compare
976 4054 1018 4103 the
1035 4058 1142 4103 account
1156 4054 1311 4104 ofthiswar

360 4122 402 4171 Fr.
414 4123 540 4174 Translat.
556 4127 621 4175 Mat.
641 4125 726 4190 Poris,
743 4126 780 4176 iii.
793 4140 820 4187 p.
844 4138 874 4174 as
892 4125 966 4186 given
983 4125 1017 4185 by
1033 4124 1172 4186 Joinville3
1189 4124 1250 4175 Rec.
1263 4125 1309 4174 des

357 4196 415 4244 444.
845 4195 916 4245 Hist.
926 4211 970 4246 xx.
982 4210 1026 4256 pp.
1038 4198 1095 4258 20³,
1107 4209 1156 4258 aeq.
