<?xml version="1.0" encoding="UTF-8"?>
<!DOCTYPE html PUBLIC "-//W3C//DTD XHTML 1.0 Transitional//EN"
    "http://www.w3.org/TR/xhtml1/DTD/xhtml1-transitional.dtd">
<html xmlns="http://www.w3.org/1999/xhtml" xml:lang="en" lang="en">
 <head>
  <title>
</title>
<meta http-equiv="Content-Type" content="text/html;charset=utf-8" />
  <meta name='ocr-system' content='tesseract 3.04.00' />
  <meta name='ocr-capabilities' content='ocr_page ocr_carea ocr_par ocr_line ocrx_word'/>
</head>
<body>
  <div class='ocr_page' id='page_1' title='image "./rogeridewendove03rogegoog_0331.png"; bbox 0 0 2864 4866; ppageno 0'>
   <div class='ocr_carea' id='block_1_1' title="bbox 363 391 1056 457">
    <p class='ocr_par' dir='ltr' id='par_1_1' title="bbox 363 391 1056 457">
     <span class='ocr_line' id='line_1_1' title="bbox 363 391 1056 457; baseline -0.004 0"><span class='ocrx_word' id='word_1_1' title='bbox 363 391 430 457; x_wconf 81' lang='lat'><strong>320</strong></span> <span class='ocrx_word' id='word_1_2' title='bbox 619 406 752 454; x_wconf 84' lang='lat' dir='ltr'><strong>nocunr</strong></span> <span class='ocrx_word' id='word_1_3' title='bbox 777 406 824 454; x_wconf 85' lang='lat' dir='ltr'><strong>nu</strong></span> <span class='ocrx_word' id='word_1_4' title='bbox 849 405 1056 454; x_wconf 84' lang='lat' dir='ltr'><strong>wunnovnn</strong></span> 
     </span>
    </p>
   </div>
   <div class='ocr_carea' id='block_1_2' title="bbox 167 563 1320 648">
    <p class='ocr_par' dir='ltr' id='par_1_2' title="bbox 167 563 1320 648">
     <span class='ocr_line' id='line_1_2' title="bbox 167 563 1320 648; baseline 0 -19"><span class='ocrx_word' id='word_1_5' title='bbox 167 625 168 629; x_wconf 75' lang='grc'>,</span> <span class='ocrx_word' id='word_1_6' title='bbox 203 580 258 620; x_wconf 68' lang='lat' dir='ltr'><strong>av·</strong></span> <span class='ocrx_word' id='word_1_7' title='bbox 269 580 325 619; x_wconf 77' lang='lat'><strong>¹²³⁴·</strong></span> <span class='ocrx_word' id='word_1_8' title='bbox 365 565 566 647; x_wconf 82' lang='lat' dir='ltr'><strong>confugiens</strong></span> <span class='ocrx_word' id='word_1_9' title='bbox 583 563 721 628; x_wconf 90' lang='lat' dir='ltr'><strong>diabolo</strong></span> <span class='ocrx_word' id='word_1_10' title='bbox 739 563 997 628; x_wconf 83' lang='lat' dir='ltr'>abrenuntiavit</span> <span class='ocrx_word' id='word_1_11' title='bbox 1011 570 1045 627; x_wconf 90' lang='lat' dir='ltr'><strong>et</strong></span> <span class='ocrx_word' id='word_1_12' title='bbox 1058 564 1218 628; x_wconf 90' lang='lat' dir='ltr'><strong>omnibus</strong></span> <span class='ocrx_word' id='word_1_13' title='bbox 1235 585 1320 648; x_wconf 92' lang='lat' dir='ltr'><strong>ope-</strong></span> 
     </span>
    </p>
   </div>
   <div class='ocr_carea' id='block_1_3' title="bbox 202 631 294 680">
    <p class='ocr_par' dir='ltr' id='par_1_3' title="bbox 202 631 294 680">
     <span class='ocr_line' id='line_1_3' title="bbox 202 631 294 680; baseline -0.011 -10"><span class='ocrx_word' id='word_1_14' title='bbox 202 631 294 680; x_wconf 73' lang='lat' dir='ltr'><strong>Legend.</strong></span> 
     </span>
    </p>
   </div>
   <div class='ocr_carea' id='block_1_4' title="bbox 364 662 1319 1228">
    <p class='ocr_par' dir='ltr' id='par_1_4' title="bbox 364 662 1319 1228">
     <span class='ocr_line' id='line_1_4' title="bbox 365 662 1318 748; baseline -0.001 -19"><span class='ocrx_word' id='word_1_15' title='bbox 365 667 460 730; x_wconf 91' lang='lat' dir='ltr'><strong>ribus</strong></span> <span class='ocrx_word' id='word_1_16' title='bbox 473 665 549 748; x_wconf 89' lang='lat' dir='ltr'><strong>ejus</strong></span> <span class='ocrx_word' id='word_1_17' title='bbox 560 671 596 728; x_wconf 90' lang='lat' dir='ltr'><strong>et</strong></span> <span class='ocrx_word' id='word_1_18' title='bbox 610 664 758 746; x_wconf 89' lang='lat' dir='ltr'>pompis,</span> <span class='ocrx_word' id='word_1_19' title='bbox 774 670 808 726; x_wconf 91' lang='lat' dir='ltr'><strong>et</strong></span> <span class='ocrx_word' id='word_1_20' title='bbox 820 662 1013 740; x_wconf 82' lang='lat' dir='ltr'><strong>confestim,</strong></span> <span class='ocrx_word' id='word_1_21' title='bbox 1027 663 1249 728; x_wconf 87' lang='lat' dir='ltr'><strong>miseratione</strong></span> <span class='ocrx_word' id='word_1_22' title='bbox 1263 665 1318 728; x_wconf 93' lang='lat' dir='ltr'><strong>di·</strong></span> 
     </span>
     <span class='ocr_line' id='line_1_5' title="bbox 365 754 1319 845; baseline -0.001 -16"><span class='ocrx_word' id='word_1_23' title='bbox 365 754 447 830; x_wconf 86' lang='lat' dir='ltr'><strong>vina</strong></span> <span class='ocrx_word' id='word_1_24' title='bbox 464 765 560 827; x_wconf 92' lang='lat' dir='ltr'><strong>illum</strong></span> <span class='ocrx_word' id='word_1_25' title='bbox 575 763 793 845; x_wconf 80' lang='lat' dir='ltr'><strong>respiciente,</strong></span> <span class='ocrx_word' id='word_1_26' title='bbox 805 763 849 826; x_wconf 90' lang='lat' dir='ltr'><strong>ab</strong></span> <span class='ocrx_word' id='word_1_27' title='bbox 863 763 955 825; x_wconf 91' lang='lat' dir='ltr'><strong>omni</strong></span> <span class='ocrx_word' id='word_1_28' title='bbox 973 762 1144 843; x_wconf 88' lang='lat' dir='ltr'><strong>corporali</strong></span> <span class='ocrx_word' id='word_1_29' title='bbox 1156 764 1319 829; x_wconf 88' lang='lat' dir='ltr'><strong>molestia</strong></span> 
     </span>
     <span class='ocr_line' id='line_1_6' title="bbox 365 860 1318 944; baseline -0.002 -16"><span class='ocrx_word' id='word_1_30' title='bbox 365 884 470 928; x_wconf 92' lang='lat' dir='ltr'><strong>sanus</strong></span> <span class='ocrx_word' id='word_1_31' title='bbox 493 863 635 927; x_wconf 89' lang='lat' dir='ltr'><strong>effectus</strong></span> <span class='ocrx_word' id='word_1_32' title='bbox 655 872 721 940; x_wconf 90' lang='lat' dir='ltr'><strong>est,</strong></span> <span class='ocrx_word' id='word_1_33' title='bbox 740 870 780 925; x_wconf 95' lang='lat' dir='ltr'><strong>ut</strong></span> <span class='ocrx_word' id='word_1_34' title='bbox 797 880 987 942; x_wconf 85' lang='lat' dir='ltr'><strong>congruum</strong></span> <span class='ocrx_word' id='word_1_35' title='bbox 1005 860 1148 926; x_wconf 87' lang='lat' dir='ltr'><strong>haberet</strong></span> <span class='ocrx_word' id='word_1_36' title='bbox 1165 864 1318 944; x_wconf 90' lang='lat' dir='ltr'><strong>spatium</strong></span> 
     </span>
     <span class='ocr_line' id='line_1_7' title="bbox 364 961 1318 1046; baseline -0.001 -19"><span class='ocrx_word' id='word_1_37' title='bbox 364 962 580 1046; x_wconf 88' lang='lat' dir='ltr'><strong>poeniteudi;</strong></span> <span class='ocrx_word' id='word_1_38' title='bbox 616 961 707 1025; x_wconf 91' lang='lat' dir='ltr'><strong>uude</strong></span> <span class='ocrx_word' id='word_1_39' title='bbox 734 961 916 1024; x_wconf 87' lang='lat' dir='ltr'><strong>manifeste</strong></span> <span class='ocrx_word' id='word_1_40' title='bbox 945 967 1095 1037; x_wconf 88' lang='lat' dir='ltr'><strong>constat,</strong></span> <span class='ocrx_word' id='word_1_41' title='bbox 1124 962 1217 1044; x_wconf 90' lang='lat' dir='ltr'><strong>quod</strong></span> <span class='ocrx_word' id='word_1_42' title='bbox 1247 983 1318 1027; x_wconf 90' lang='lat' dir='ltr'><strong>non</strong></span> 
     </span>
     <span class='ocr_line' id='line_1_8' title="bbox 365 1059 1317 1145; baseline 0 -18"><span class='ocrx_word' id='word_1_43' title='bbox 365 1063 441 1127; x_wconf 90' lang='lat' dir='ltr'><strong>vult</strong></span> <span class='ocrx_word' id='word_1_44' title='bbox 454 1063 552 1125; x_wconf 89' lang='lat' dir='ltr'><strong>Deus</strong></span> <span class='ocrx_word' id='word_1_45' title='bbox 571 1069 716 1126; x_wconf 88' lang='lat' dir='ltr'><strong>mortem</strong></span> <span class='ocrx_word' id='word_1_46' title='bbox 738 1059 942 1145; x_wconf 88' lang='lat' dir='ltr'><strong>peccatoris,</strong></span> <span class='ocrx_word' id='word_1_47' title='bbox 964 1061 1024 1125; x_wconf 90' lang='lat' dir='ltr'><strong>sed</strong></span> <span class='ocrx_word' id='word_1_48' title='bbox 1045 1067 1085 1125; x_wconf 89' lang='lat' dir='ltr'><strong>ut</strong></span> <span class='ocrx_word' id='word_1_49' title='bbox 1102 1062 1214 1144; x_wconf 82' lang='lat' dir='ltr'><strong>magis</strong></span> <span class='ocrx_word' id='word_1_50' title='bbox 1235 1083 1317 1127; x_wconf 90' lang='lat' dir='ltr'><strong>con-</strong></span> 
     </span>
     <span class='ocr_line' id='line_1_9' title="bbox 366 1162 697 1228; baseline -0.006 -1"><span class='ocrx_word' id='word_1_51' title='bbox 366 1169 523 1227; x_wconf 83' lang='lat' dir='ltr'><strong>vertatur</strong></span> <span class='ocrx_word' id='word_1_52' title='bbox 538 1168 573 1227; x_wconf 84' lang='lat' dir='ltr'><strong>et</strong></span> <span class='ocrx_word' id='word_1_53' title='bbox 588 1162 697 1228; x_wconf 86' lang='lat' dir='ltr'><strong>vivat.</strong></span> 
     </span>
    </p>
   </div>
   <div class='ocr_carea' id='block_1_5' title="bbox 380 1335 1301 1424">
    <p class='ocr_par' dir='ltr' id='par_1_5' title="bbox 380 1335 1301 1424">
     <span class='ocr_line' id='line_1_10' title="bbox 380 1335 1301 1424; baseline 0.003 -25"><span class='ocrx_word' id='word_1_54' title='bbox 380 1337 431 1400; x_wconf 81' lang='lat' dir='ltr'><strong>Dc</strong></span> <span class='ocrx_word' id='word_1_55' title='bbox 446 1337 599 1402; x_wconf 76' lang='lat' dir='ltr'><strong>miraculo</strong></span> <span class='ocrx_word' id='word_1_56' title='bbox 613 1337 703 1402; x_wconf 73' lang='lat' dir='ltr'><strong>vulda</strong></span> <span class='ocrx_word' id='word_1_57' title='bbox 720 1335 889 1414; x_wconf 78' lang='lat' dir='ltr'><strong>laudabili,</strong></span> <span class='ocrx_word' id='word_1_58' title='bbox 907 1337 987 1422; x_wconf 82' lang='lat' dir='ltr'><strong>qaod</strong></span> <span class='ocrx_word' id='word_1_59' title='bbox 1000 1337 1055 1402; x_wconf 84' lang='lat' dir='ltr'><strong>loc</strong></span> <span class='ocrx_word' id='word_1_60' title='bbox 1069 1358 1151 1401; x_wconf 82' lang='lat' dir='ltr'><strong>anuo</strong></span> <span class='ocrx_word' id='word_1_61' title='bbox 1165 1337 1301 1424; x_wconf 79' lang='lat' dir='ltr'><strong>contipit.</strong></span> 
     </span>
    </p>
   </div>
   <div class='ocr_carea' id='block_1_6' title="bbox 364 1455 1391 4032">
    <p class='ocr_par' dir='ltr' id='par_1_6' title="bbox 364 1455 1391 4032">
     <span class='ocr_line' id='line_1_11' title="bbox 425 1455 1317 1545; baseline 0.003 -21"><span class='ocrx_word' id='word_1_62' title='bbox 425 1455 538 1525; x_wconf 87' lang='lat' dir='ltr'><strong>Licet¹</strong></span> <span class='ocrx_word' id='word_1_63' title='bbox 571 1462 607 1524; x_wconf 92' lang='lat' dir='ltr'><strong>in</strong></span> <span class='ocrx_word' id='word_1_64' title='bbox 637 1462 882 1545; x_wconf 86' lang='lat' dir='ltr'><strong>suprascriptis</strong></span> <span class='ocrx_word' id='word_1_65' title='bbox 910 1462 1045 1526; x_wconf 91' lang='lat' dir='ltr'><strong>duobus</strong></span> <span class='ocrx_word' id='word_1_66' title='bbox 1076 1461 1238 1544; x_wconf 85' lang='lat' dir='ltr'><strong>capitulis</strong></span> <span class='ocrx_word' id='word_1_67' title='bbox 1270 1464 1317 1527; x_wconf 90' lang='lat' dir='ltr'><strong>sit</strong></span> 
     </span>
     <span class='ocr_line' id='line_1_12' title="bbox 367 1560 1316 1644; baseline 0.002 -20"><span class='ocrx_word' id='word_1_68' title='bbox 367 1560 543 1624; x_wconf 89' lang='lat' dir='ltr'><strong>evidenter</strong></span> <span class='ocrx_word' id='word_1_69' title='bbox 575 1581 776 1643; x_wconf 85' lang='lat' dir='ltr'><strong>expressum</strong></span> <span class='ocrx_word' id='word_1_70' title='bbox 807 1562 844 1625; x_wconf 91' lang='lat' dir='ltr'><strong>in</strong></span> <span class='ocrx_word' id='word_1_71' title='bbox 876 1569 1043 1644; x_wconf 90' lang='lat' dir='ltr'><strong>quantum</strong></span> <span class='ocrx_word' id='word_1_72' title='bbox 1075 1561 1233 1625; x_wconf 83' lang='lat' dir='ltr'><strong>avaritiae</strong></span> <span class='ocrx_word' id='word_1_73' title='bbox 1264 1563 1316 1626; x_wconf 91' lang='lat' dir='ltr'><strong>vi·</strong></span> 
     </span>
     <span class='ocr_line' id='line_1_13' title="bbox 367 1660 1315 1740; baseline 0.004 -18"><span class='ocrx_word' id='word_1_74' title='bbox 367 1661 452 1723; x_wconf 93' lang='lat' dir='ltr'><strong>tium</strong></span> <span class='ocrx_word' id='word_1_75' title='bbox 483 1660 640 1724; x_wconf 90' lang='lat' dir='ltr'><strong>omnibus</strong></span> <span class='ocrx_word' id='word_1_76' title='bbox 668 1660 875 1724; x_wconf 85' lang='lat' dir='ltr'><strong>Christianis</strong></span> <span class='ocrx_word' id='word_1_77' title='bbox 902 1660 1141 1725; x_wconf 86' lang='lat' dir='ltr'><strong>detestandum</strong></span> <span class='ocrx_word' id='word_1_78' title='bbox 1175 1661 1315 1740; x_wconf 81' lang='lat' dir='ltr'><strong>existat,</strong></span> 
     </span>
     <span class='ocr_line' id='line_1_14' title="bbox 367 1759 1317 1842; baseline 0.003 -20"><span class='ocrx_word' id='word_1_79' title='bbox 367 1759 529 1842; x_wconf 90' lang='lat' dir='ltr'><strong>adjiciam</strong></span> <span class='ocrx_word' id='word_1_80' title='bbox 559 1760 671 1824; x_wconf 87' lang='lat' dir='ltr'><strong>adhuc</strong></span> <span class='ocrx_word' id='word_1_81' title='bbox 698 1767 734 1825; x_wconf 91' lang='lat' dir='ltr'><strong>et</strong></span> <span class='ocrx_word' id='word_1_82' title='bbox 762 1761 914 1837; x_wconf 85' lang='lat' dir='ltr'><strong>tertium,</strong></span> <span class='ocrx_word' id='word_1_83' title='bbox 941 1768 980 1823; x_wconf 92' lang='lat' dir='ltr'><strong>ut</strong></span> <span class='ocrx_word' id='word_1_84' title='bbox 1010 1761 1047 1824; x_wconf 92' lang='lat' dir='ltr'><strong>in</strong></span> <span class='ocrx_word' id='word_1_85' title='bbox 1078 1780 1138 1824; x_wconf 87' lang='lat' dir='ltr'><strong>ore</strong></span> <span class='ocrx_word' id='word_1_86' title='bbox 1171 1760 1317 1825; x_wconf 91' lang='lat' dir='ltr'><strong>duorum</strong></span> 
     </span>
     <span class='ocr_line' id='line_1_15' title="bbox 367 1859 1317 1926; baseline 0.001 -3"><span class='ocrx_word' id='word_1_87' title='bbox 367 1859 423 1923; x_wconf 88' lang='lat' dir='ltr'><strong>vel</strong></span> <span class='ocrx_word' id='word_1_88' title='bbox 444 1859 548 1923; x_wconf 88' lang='lat' dir='ltr'><strong>trium</strong></span> <span class='ocrx_word' id='word_1_89' title='bbox 571 1860 710 1925; x_wconf 92' lang='lat' dir='ltr'><strong>testium</strong></span> <span class='ocrx_word' id='word_1_90' title='bbox 731 1867 801 1925; x_wconf 93' lang='lat' dir='ltr'><strong>stet</strong></span> <span class='ocrx_word' id='word_1_91' title='bbox 822 1880 922 1923; x_wconf 93' lang='lat' dir='ltr'><strong>omne</strong></span> <span class='ocrx_word' id='word_1_92' title='bbox 944 1861 1099 1926; x_wconf 86' lang='lat' dir='ltr'><strong>verbum.</strong></span> <span class='ocrx_word' id='word_1_93' title='bbox 1152 1859 1243 1924; x_wconf 87' lang='lat' dir='ltr'><strong>Cum</strong></span> <span class='ocrx_word' id='word_1_94' title='bbox 1261 1861 1317 1925; x_wconf 91' lang='lat' dir='ltr'><strong>hic</strong></span> 
     </span>
     <span class='ocr_line' id='line_1_16' title="bbox 367 1960 1316 2042; baseline 0.004 -21"><span class='ocrx_word' id='word_1_95' title='bbox 367 1978 491 2037; x_wconf 90' lang='lat' dir='ltr'><strong>annus,</strong></span> <span class='ocrx_word' id='word_1_96' title='bbox 522 1960 565 2024; x_wconf 90' lang='lat' dir='ltr'><strong>de</strong></span> <span class='ocrx_word' id='word_1_97' title='bbox 596 1980 665 2042; x_wconf 90' lang='lat' dir='ltr'><strong>quo</strong></span> <span class='ocrx_word' id='word_1_98' title='bbox 690 1960 928 2042; x_wconf 68' lang='lat' dir='ltr'><strong>praediximus</strong></span> <span class='ocrx_word' id='word_1_99' title='bbox 956 1960 1166 2042; x_wconf 89' lang='lat' dir='ltr'><strong>pauperibus</strong></span> <span class='ocrx_word' id='word_1_100' title='bbox 1196 1962 1316 2025; x_wconf 90' lang='lat' dir='ltr'><strong>crude-</strong></span> 
     </span>
     <span class='ocr_line' id='line_1_17' title="bbox 366 2058 1391 2142; baseline 0.004 -22"><span class='ocrx_word' id='word_1_101' title='bbox 366 2058 409 2121; x_wconf 91' lang='lat' dir='ltr'><strong>lis</strong></span> <span class='ocrx_word' id='word_1_102' title='bbox 444 2067 480 2123; x_wconf 88' lang='lat' dir='ltr'><strong>et</strong></span> <span class='ocrx_word' id='word_1_103' title='bbox 505 2079 620 2124; x_wconf 86' lang='lat' dir='ltr'><strong>saevus</strong></span> <span class='ocrx_word' id='word_1_104' title='bbox 653 2060 689 2122; x_wconf 92' lang='lat' dir='ltr'><strong>in</strong></span> <span class='ocrx_word' id='word_1_105' title='bbox 715 2060 835 2123; x_wconf 92' lang='lat' dir='ltr'><strong>diebus</strong></span> <span class='ocrx_word' id='word_1_106' title='bbox 867 2060 940 2123; x_wconf 92' lang='lat' dir='ltr'><strong>suis</strong></span> <span class='ocrx_word' id='word_1_107' title='bbox 973 2079 1081 2142; x_wconf 91' lang='lat' dir='ltr'><strong>usque</strong></span> <span class='ocrx_word' id='word_1_108' title='bbox 1111 2059 1156 2122; x_wconf 90' lang='lat' dir='ltr'><strong>ad</strong></span> <span class='ocrx_word' id='word_1_109' title='bbox 1181 2059 1205 2124; x_wconf 85' lang='lat' dir='ltr'><strong>J</strong></span> <span class='ocrx_word' id='word_1_110' title='bbox 1208 2060 1316 2124; x_wconf 83' lang='lat' dir='ltr'><strong>ulium</strong></span> <span class='ocrx_word' id='word_1_111' title='bbox 1388 2076 1391 2082; x_wconf 84' lang='lat'>·</span> 
     </span>
     <span class='ocr_line' id='line_1_18' title="bbox 366 2159 1318 2242; baseline 0.004 -22"><span class='ocrx_word' id='word_1_112' title='bbox 366 2177 517 2222; x_wconf 89' lang='lat' dir='ltr'><strong>mensem</strong></span> <span class='ocrx_word' id='word_1_113' title='bbox 548 2159 784 2241; x_wconf 87' lang='lat' dir='ltr'><strong>processisset,</strong></span> <span class='ocrx_word' id='word_1_114' title='bbox 812 2178 993 2242; x_wconf 87' lang='lat' dir='ltr'><strong>pauperes,</strong></span> <span class='ocrx_word' id='word_1_115' title='bbox 1032 2179 1119 2241; x_wconf 91' lang='lat' dir='ltr'><strong>quos</strong></span> <span class='ocrx_word' id='word_1_116' title='bbox 1153 2159 1318 2225; x_wconf 89' lang='lat' dir='ltr'><strong>diuturna</strong></span> 
     </span>
     <span class='ocr_line' id='line_1_19' title="bbox 366 2257 1317 2341; baseline 0.005 -21"><span class='ocrx_word' id='word_1_117' title='bbox 366 2257 473 2322; x_wconf 89' lang='lat' dir='ltr'><strong>fames</strong></span> <span class='ocrx_word' id='word_1_118' title='bbox 498 2258 682 2337; x_wconf 87' lang='lat' dir='ltr'><strong>afflixerat,</strong></span> <span class='ocrx_word' id='word_1_119' title='bbox 711 2259 754 2322; x_wconf 92' lang='lat' dir='ltr'><strong>ad</strong></span> <span class='ocrx_word' id='word_1_120' title='bbox 784 2279 887 2341; x_wconf 81' lang='lat' dir='ltr'><strong>agros</strong></span> <span class='ocrx_word' id='word_1_121' title='bbox 918 2267 1088 2340; x_wconf 90' lang='lat' dir='ltr'><strong>proruunt</strong></span> <span class='ocrx_word' id='word_1_122' title='bbox 1120 2259 1317 2325; x_wconf 84' lang='lat' dir='ltr'><strong>fructiferos</strong></span> 
     </span>
     <span class='ocr_line' id='line_1_20' title="bbox 366 2358 1318 2442; baseline 0.003 -22"><span class='ocrx_word' id='word_1_123' title='bbox 366 2358 582 2435; x_wconf 87' lang='lat' dir='ltr'><strong>catervatim,</strong></span> <span class='ocrx_word' id='word_1_124' title='bbox 605 2359 663 2422; x_wconf 93' lang='lat' dir='ltr'><strong>ubi</strong></span> <span class='ocrx_word' id='word_1_125' title='bbox 681 2359 795 2442; x_wconf 88' lang='lat' dir='ltr'><strong>spicas</strong></span> <span class='ocrx_word' id='word_1_126' title='bbox 809 2358 959 2440; x_wconf 81' lang='lat' dir='ltr'><strong>frugum,</strong></span> <span class='ocrx_word' id='word_1_127' title='bbox 975 2359 1056 2423; x_wconf 91' lang='lat' dir='ltr'><strong>licet</strong></span> <span class='ocrx_word' id='word_1_128' title='bbox 1074 2359 1226 2422; x_wconf 90' lang='lat' dir='ltr'><strong>noudum</strong></span> <span class='ocrx_word' id='word_1_129' title='bbox 1243 2379 1318 2423; x_wconf 55' lang='lat' dir='ltr'><strong>maa</strong></span> 
     </span>
     <span class='ocr_line' id='line_1_21' title="bbox 367 2457 1317 2540; baseline 0 -21"><span class='ocrx_word' id='word_1_130' title='bbox 367 2464 473 2535; x_wconf 90' lang='lat' dir='ltr'><strong>turas,</strong></span> <span class='ocrx_word' id='word_1_131' title='bbox 497 2466 678 2540; x_wconf 90' lang='lat' dir='ltr'><strong>carpentes</strong></span> <span class='ocrx_word' id='word_1_132' title='bbox 704 2466 740 2523; x_wconf 91' lang='lat' dir='ltr'><strong>et</strong></span> <span class='ocrx_word' id='word_1_133' title='bbox 762 2459 920 2522; x_wconf 90' lang='lat' dir='ltr'><strong>manibus</strong></span> <span class='ocrx_word' id='word_1_134' title='bbox 946 2459 1026 2521; x_wconf 89' lang='lat' dir='ltr'><strong>illas</strong></span> <span class='ocrx_word' id='word_1_135' title='bbox 1055 2457 1211 2522; x_wconf 90' lang='lat' dir='ltr'><strong>tremulis</strong></span> <span class='ocrx_word' id='word_1_136' title='bbox 1233 2479 1317 2523; x_wconf 90' lang='lat' dir='ltr'><strong>con-.</strong></span> 
     </span>
     <span class='ocr_line' id='line_1_22' title="bbox 366 2556 1317 2640; baseline 0.005 -23"><span class='ocrx_word' id='word_1_137' title='bbox 366 2556 529 2621; x_wconf 88' lang='lat' dir='ltr'><strong>fricantes</strong></span> <span class='ocrx_word' id='word_1_138' title='bbox 546 2557 716 2622; x_wconf 87' lang='lat' dir='ltr'><strong>infelicem</strong></span> <span class='ocrx_word' id='word_1_139' title='bbox 732 2559 850 2635; x_wconf 87' lang='lat' dir='ltr'><strong>vitam,</strong></span> <span class='ocrx_word' id='word_1_140' title='bbox 867 2576 945 2639; x_wconf 87' lang='lat' dir='ltr'><strong>quae</strong></span> <span class='ocrx_word' id='word_1_141' title='bbox 960 2558 1021 2622; x_wconf 85' lang='lat' dir='ltr'><strong>vix</strong></span> <span class='ocrx_word' id='word_1_142' title='bbox 1036 2557 1072 2620; x_wconf 92' lang='lat' dir='ltr'><strong>iu</strong></span> <span class='ocrx_word' id='word_1_143' title='bbox 1095 2577 1215 2622; x_wconf 88' lang='lat' dir='ltr'><strong>eorum</strong></span> <span class='ocrx_word' id='word_1_144' title='bbox 1236 2578 1317 2640; x_wconf 88' lang='lat' dir='ltr'><strong>pec-</strong></span> 
     </span>
     <span class='ocr_line' id='line_1_23' title="bbox 366 2656 1316 2740; baseline 0.003 -22"><span class='ocrx_word' id='word_1_145' title='bbox 366 2656 498 2719; x_wconf 91' lang='lat' dir='ltr'><strong>toribus</strong></span> <span class='ocrx_word' id='word_1_146' title='bbox 514 2657 719 2739; x_wconf 84' lang='lat' dir='ltr'><strong>palpitabat,</strong></span> <span class='ocrx_word' id='word_1_147' title='bbox 737 2657 937 2740; x_wconf 89' lang='lat' dir='ltr'><strong>protrahere</strong></span> <span class='ocrx_word' id='word_1_148' title='bbox 953 2659 1180 2739; x_wconf 83' lang='lat' dir='ltr'><strong>satagebant3</strong></span> <span class='ocrx_word' id='word_1_149' title='bbox 1202 2677 1265 2721; x_wconf 90' lang='lat' dir='ltr'><strong>nec</strong></span> <span class='ocrx_word' id='word_1_150' title='bbox 1282 2657 1316 2721; x_wconf 94' lang='lat' dir='ltr'><strong>id</strong></span> 
     </span>
     <span class='ocr_line' id='line_1_24' title="bbox 367 2756 1317 2839; baseline 0.004 -22"><span class='ocrx_word' id='word_1_151' title='bbox 367 2756 514 2820; x_wconf 90' lang='lat' dir='ltr'><strong>multum</strong></span> <span class='ocrx_word' id='word_1_152' title='bbox 542 2764 616 2821; x_wconf 86' lang='lat' dir='ltr'><strong>erat</strong></span> <span class='ocrx_word' id='word_1_153' title='bbox 638 2757 675 2820; x_wconf 92' lang='lat' dir='ltr'><strong>in</strong></span> <span class='ocrx_word' id='word_1_154' title='bbox 696 2757 905 2839; x_wconf 90' lang='lat' dir='ltr'><strong>pauperibus</strong></span> <span class='ocrx_word' id='word_1_155' title='bbox 934 2756 1213 2839; x_wconf 88' lang='lat' dir='ltr'><strong>reprehensibile,</strong></span> <span class='ocrx_word' id='word_1_156' title='bbox 1238 2777 1317 2821; x_wconf 90' lang='lat' dir='ltr'><strong>cum</strong></span> 
     </span>
     <span class='ocr_line' id='line_1_25' title="bbox 366 2855 1316 2939; baseline 0.004 -22"><span class='ocrx_word' id='word_1_157' title='bbox 366 2855 504 2937; x_wconf 85' lang='lat' dir='ltr'><strong>legatur</strong></span> <span class='ocrx_word' id='word_1_158' title='bbox 520 2856 556 2918; x_wconf 92' lang='lat' dir='ltr'><strong>in</strong></span> <span class='ocrx_word' id='word_1_159' title='bbox 574 2857 808 2938; x_wconf 91' lang='lat' dir='ltr'><strong>apostolorum</strong></span> <span class='ocrx_word' id='word_1_160' title='bbox 823 2857 957 2921; x_wconf 90' lang='lat' dir='ltr'><strong>actibus</strong></span> <span class='ocrx_word' id='word_1_161' title='bbox 975 2856 1106 2920; x_wconf 90' lang='lat' dir='ltr'><strong>Christi</strong></span> <span class='ocrx_word' id='word_1_162' title='bbox 1128 2855 1316 2939; x_wconf 91' lang='lat' dir='ltr'><strong>discipulus</strong></span> 
     </span>
     <span class='ocr_line' id='line_1_26' title="bbox 367 2954 1317 3039; baseline 0.004 -22"><span class='ocrx_word' id='word_1_163' title='bbox 367 2954 431 3018; x_wconf 91' lang='lat' dir='ltr'><strong>hoc</strong></span> <span class='ocrx_word' id='word_1_164' title='bbox 448 2955 578 3018; x_wconf 87' lang='lat' dir='ltr'><strong>fecisse.</strong></span> <span class='ocrx_word' id='word_1_165' title='bbox 617 2955 684 3019; x_wconf 88' lang='lat' dir='ltr'><strong>Sed</strong></span> <span class='ocrx_word' id='word_1_166' title='bbox 699 2957 819 3021; x_wconf 90' lang='lat' dir='ltr'><strong>rustici</strong></span> <span class='ocrx_word' id='word_1_167' title='bbox 835 2956 1050 3038; x_wconf 89' lang='lat' dir='ltr'><strong>quarundam</strong></span> <span class='ocrx_word' id='word_1_168' title='bbox 1067 2955 1240 3034; x_wconf 91' lang='lat' dir='ltr'><strong>villarum,</strong></span> <span class='ocrx_word' id='word_1_169' title='bbox 1257 2957 1317 3039; x_wconf 92' lang='lat' dir='ltr'><strong>qni</strong></span> 
     </span>
     <span class='ocr_line' id='line_1_27' title="bbox 367 3055 1316 3138; baseline 0.004 -21"><span class='ocrx_word' id='word_1_170' title='bbox 367 3075 411 3117; x_wconf 83' lang='lat' dir='ltr'><strong>ex</strong></span> <span class='ocrx_word' id='word_1_171' title='bbox 435 3055 586 3119; x_wconf 89' lang='lat' dir='ltr'><strong>avaritia</strong></span> <span class='ocrx_word' id='word_1_172' title='bbox 613 3055 764 3136; x_wconf 90' lang='lat' dir='ltr'><strong>inopiam</strong></span> <span class='ocrx_word' id='word_1_173' title='bbox 790 3075 926 3138; x_wconf 87' lang='lat' dir='ltr'><strong>semper</strong></span> <span class='ocrx_word' id='word_1_174' title='bbox 949 3055 1078 3120; x_wconf 88' lang='lat' dir='ltr'><strong>habent</strong></span> <span class='ocrx_word' id='word_1_175' title='bbox 1106 3063 1316 3138; x_wconf 89' lang='lat' dir='ltr'><strong>suspectam,</strong></span> 
     </span>
     <span class='ocr_line' id='line_1_28' title="bbox 365 3154 1316 3237; baseline 0.005 -21"><span class='ocrx_word' id='word_1_176' title='bbox 365 3173 427 3237; x_wconf 90' lang='lat' dir='ltr'><strong>per</strong></span> <span class='ocrx_word' id='word_1_177' title='bbox 444 3173 547 3236; x_wconf 85' lang='lat' dir='ltr'><strong>agros</strong></span> <span class='ocrx_word' id='word_1_178' title='bbox 563 3173 645 3217; x_wconf 88' lang='lat' dir='ltr'><strong>suos</strong></span> <span class='ocrx_word' id='word_1_179' title='bbox 660 3160 891 3231; x_wconf 90' lang='lat' dir='ltr'><strong>transeuntes,</strong></span> <span class='ocrx_word' id='word_1_180' title='bbox 909 3174 987 3218; x_wconf 91' lang='lat' dir='ltr'><strong>eum</strong></span> <span class='ocrx_word' id='word_1_181' title='bbox 1003 3154 1069 3219; x_wconf 90' lang='lat' dir='ltr'><strong>hoc</strong></span> <span class='ocrx_word' id='word_1_182' title='bbox 1090 3155 1186 3237; x_wconf 89' lang='lat' dir='ltr'><strong>pium</strong></span> <span class='ocrx_word' id='word_1_183' title='bbox 1206 3162 1242 3220; x_wconf 87' lang='lat' dir='ltr'><strong>et</strong></span> <span class='ocrx_word' id='word_1_184' title='bbox 1259 3177 1316 3221; x_wconf 90' lang='lat' dir='ltr'><strong>ne-</strong></span> 
     </span>
     <span class='ocr_line' id='line_1_29' title="bbox 365 3253 1319 3337; baseline 0.003 -20"><span class='ocrx_word' id='word_1_185' title='bbox 365 3254 551 3317; x_wconf 91' lang='lat' dir='ltr'><strong>cessarium</strong></span> <span class='ocrx_word' id='word_1_186' title='bbox 563 3253 867 3335; x_wconf 90' lang='lat' dir='ltr'><strong>deprehendissent</strong></span> <span class='ocrx_word' id='word_1_187' title='bbox 875 3254 1017 3332; x_wconf 89' lang='lat' dir='ltr'><strong>furtum,</strong></span> <span class='ocrx_word' id='word_1_188' title='bbox 1028 3255 1221 3337; x_wconf 89' lang='lat' dir='ltr'><strong>perturbati</strong></span> <span class='ocrx_word' id='word_1_189' title='bbox 1233 3264 1319 3321; x_wconf 88' lang='lat' dir='ltr'><strong>sunt</strong></span> 
     </span>
     <span class='ocr_line' id='line_1_30' title="bbox 364 3352 1316 3439; baseline 0.003 -22"><span class='ocrx_word' id='word_1_190' title='bbox 364 3353 488 3431; x_wconf 85' lang='lat' dir='ltr'><strong>valde3</strong></span> <span class='ocrx_word' id='word_1_191' title='bbox 518 3353 609 3416; x_wconf 92' lang='lat' dir='ltr'><strong>unde</strong></span> <span class='ocrx_word' id='word_1_192' title='bbox 631 3353 788 3436; x_wconf 87' lang='lat' dir='ltr'><strong>contigit,</strong></span> <span class='ocrx_word' id='word_1_193' title='bbox 811 3353 903 3436; x_wconf 92' lang='lat' dir='ltr'><strong>quod</strong></span> <span class='ocrx_word' id='word_1_194' title='bbox 926 3352 1081 3418; x_wconf 88' lang='lat' dir='ltr'><strong>homines</strong></span> <span class='ocrx_word' id='word_1_195' title='bbox 1104 3353 1210 3431; x_wconf 88' lang='lat' dir='ltr'><strong>villae,</strong></span> <span class='ocrx_word' id='word_1_196' title='bbox 1235 3375 1316 3439; x_wconf 87' lang='lat' dir='ltr'><strong>quae</strong></span> 
     </span>
     <span class='ocr_line' id='line_1_31' title="bbox 365 3451 1318 3536; baseline 0.004 -21"><span class='ocrx_word' id='word_1_197' title='bbox 365 3451 588 3516; x_wconf 89' lang='lat' dir='ltr'><strong>Alboldeslea</strong></span> <span class='ocrx_word' id='word_1_198' title='bbox 605 3453 730 3517; x_wconf 90' lang='lat' dir='ltr'><strong>dicitur</strong></span> <span class='ocrx_word' id='word_1_199' title='bbox 745 3461 779 3517; x_wconf 94' lang='lat' dir='ltr'><strong>et</strong></span> <span class='ocrx_word' id='word_1_200' title='bbox 795 3453 831 3516; x_wconf 91' lang='lat' dir='ltr'><strong>iu</strong></span> <span class='ocrx_word' id='word_1_201' title='bbox 847 3452 1119 3535; x_wconf 83' lang='lat' dir='ltr'><strong>Cantebregensi</strong></span> <span class='ocrx_word' id='word_1_202' title='bbox 1136 3454 1318 3536; x_wconf 89' lang='lat' dir='ltr'><strong>provincia</strong></span> 
     </span>
     <span class='ocr_line' id='line_1_32' title="bbox 365 3552 1318 3636; baseline 0.004 -21"><span class='ocrx_word' id='word_1_203' title='bbox 365 3552 433 3617; x_wconf 86' lang='lat' dir='ltr'><strong>sita</strong></span> <span class='ocrx_word' id='word_1_204' title='bbox 458 3559 523 3628; x_wconf 89' lang='lat' dir='ltr'><strong>est,</strong></span> <span class='ocrx_word' id='word_1_205' title='bbox 545 3572 624 3616; x_wconf 88' lang='lat' dir='ltr'><strong>cum</strong></span> <span class='ocrx_word' id='word_1_206' title='bbox 651 3553 808 3635; x_wconf 89' lang='lat' dir='ltr'><strong>sequenti</strong></span> <span class='ocrx_word' id='word_1_207' title='bbox 835 3553 890 3616; x_wconf 91' lang='lat' dir='ltr'><strong>die</strong></span> <span class='ocrx_word' id='word_1_208' title='bbox 915 3553 1110 3630; x_wconf 90' lang='lat' dir='ltr'><strong>Dominica,</strong></span> <span class='ocrx_word' id='word_1_209' title='bbox 1134 3573 1213 3636; x_wconf 88' lang='lat' dir='ltr'><strong>quae</strong></span> <span class='ocrx_word' id='word_1_210' title='bbox 1233 3561 1318 3619; x_wconf 90' lang='lat' dir='ltr'><strong>tunc</strong></span> 
     </span>
     <span class='ocr_line' id='line_1_33' title="bbox 364 3651 1331 3735; baseline 0.004 -20"><span class='ocrx_word' id='word_1_211' title='bbox 364 3652 431 3716; x_wconf 90' lang='lat' dir='ltr'><strong>fuit</strong></span> <span class='ocrx_word' id='word_1_212' title='bbox 444 3652 576 3715; x_wconf 93' lang='lat' dir='ltr'><strong>decimo</strong></span> <span class='ocrx_word' id='word_1_213' title='bbox 598 3653 743 3735; x_wconf 91' lang='lat' dir='ltr'><strong>septimo</strong></span> <span class='ocrx_word' id='word_1_214' title='bbox 761 3652 927 3717; x_wconf 88' lang='lat' dir='ltr'><strong>kalendas</strong></span> <span class='ocrx_word' id='word_1_215' title='bbox 947 3651 1112 3734; x_wconf 78' lang='lat' dir='ltr'><strong>Augusti,</strong></span> <span class='ocrx_word' id='word_1_216' title='bbox 1137 3654 1179 3716; x_wconf 95' lang='lat' dir='ltr'><strong>ad</strong></span> <span class='ocrx_word' id='word_1_217' title='bbox 1205 3654 1331 3720; x_wconf 87' lang='lat' dir='ltr'><strong>eccle·-</strong></span> 
     </span>
     <span class='ocr_line' id='line_1_34' title="bbox 364 3752 1318 3834; baseline 0.004 -20"><span class='ocrx_word' id='word_1_218' title='bbox 364 3753 450 3814; x_wconf 90' lang='lat' dir='ltr'><strong>siam</strong></span> <span class='ocrx_word' id='word_1_219' title='bbox 469 3752 723 3828; x_wconf 88' lang='lat' dir='ltr'><strong>convenissent,</strong></span> <span class='ocrx_word' id='word_1_220' title='bbox 744 3753 981 3834; x_wconf 91' lang='lat' dir='ltr'><strong>presbyterum</strong></span> <span class='ocrx_word' id='word_1_221' title='bbox 999 3752 1222 3816; x_wconf 90' lang='lat' dir='ltr'><strong>tumultuosis</strong></span> <span class='ocrx_word' id='word_1_222' title='bbox 1244 3753 1318 3818; x_wconf 88' lang='lat' dir='ltr'><strong>cla·</strong></span> 
     </span>
     <span class='ocr_line' id='line_1_35' title="bbox 365 3851 1318 3935; baseline 0.005 -23"><span class='ocrx_word' id='word_1_223' title='bbox 365 3852 517 3914; x_wconf 91' lang='lat' dir='ltr'><strong>moribus</strong></span> <span class='ocrx_word' id='word_1_224' title='bbox 529 3852 712 3931; x_wconf 84' lang='lat' dir='ltr'><strong>rogabant,</strong></span> <span class='ocrx_word' id='word_1_225' title='bbox 729 3859 768 3915; x_wconf 90' lang='lat' dir='ltr'><strong>ut</strong></span> <span class='ocrx_word' id='word_1_226' title='bbox 778 3851 1006 3915; x_wconf 89' lang='lat' dir='ltr'><strong>incontinenti</strong></span> <span class='ocrx_word' id='word_1_227' title='bbox 1021 3870 1140 3916; x_wconf 90' lang='lat' dir='ltr'><strong>omnes</strong></span> <span class='ocrx_word' id='word_1_228' title='bbox 1154 3852 1246 3929; x_wconf 91' lang='lat' dir='ltr'><strong>illos,</strong></span> <span class='ocrx_word' id='word_1_229' title='bbox 1256 3853 1318 3935; x_wconf 94' lang='lat' dir='ltr'><strong>qui</strong></span> 
     </span>
     <span class='ocr_line' id='line_1_36' title="bbox 364 3949 1320 4032; baseline 0.004 -19"><span class='ocrx_word' id='word_1_230' title='bbox 364 3949 478 4032; x_wconf 88' lang='lat' dir='ltr'><strong>spicas</strong></span> <span class='ocrx_word' id='word_1_231' title='bbox 502 3950 538 4011; x_wconf 91' lang='lat' dir='ltr'><strong>in</strong></span> <span class='ocrx_word' id='word_1_232' title='bbox 561 3968 645 4030; x_wconf 85' lang='lat' dir='ltr'><strong>agro</strong></span> <span class='ocrx_word' id='word_1_233' title='bbox 669 3959 848 4032; x_wconf 90' lang='lat' dir='ltr'><strong>carpentes</strong></span> <span class='ocrx_word' id='word_1_234' title='bbox 869 3951 1010 4015; x_wconf 87' lang='lat' dir='ltr'><strong>bladum</strong></span> <span class='ocrx_word' id='word_1_235' title='bbox 1036 3951 1141 4015; x_wconf 87' lang='lat' dir='ltr'><strong>furati</strong></span> <span class='ocrx_word' id='word_1_236' title='bbox 1166 3950 1320 4032; x_wconf 88' lang='lat' dir='ltr'><strong>fuerant,</strong></span> 
     </span>
    </p>
   </div>
   <div class='ocr_carea' id='block_1_7' title="bbox 363 4106 1320 4260">
    <p class='ocr_par' dir='ltr' id='par_1_7' title="bbox 363 4106 1320 4260">
     <span class='ocr_line' id='line_1_37' title="bbox 400 4106 1320 4193; baseline 0.01 -20"><span class='ocrx_word' id='word_1_237' title='bbox 400 4124 507 4189; x_wconf 81' lang='lat' dir='ltr'><strong>¹Licet.]</strong></span> <span class='ocrx_word' id='word_1_238' title='bbox 525 4127 652 4189; x_wconf 83' lang='lat' dir='ltr'><strong>Raynaldi</strong></span> <span class='ocrx_word' id='word_1_239' title='bbox 661 4130 708 4178; x_wconf 86' lang='lat' dir='ltr'><strong>has</strong></span> <span class='ocrx_word' id='word_1_240' title='bbox 719 4130 830 4180; x_wconf 81' lang='lat' dir='ltr'><strong>inserted</strong></span> <span class='ocrx_word' id='word_1_241' title='bbox 841 4106 893 4180; x_wconf 82' lang='lat' dir='ltr'><strong>this</strong></span> <span class='ocrx_word' id='word_1_242' title='bbox 904 4132 954 4180; x_wconf 92' lang='lat' dir='ltr'><strong>and</strong></span> <span class='ocrx_word' id='word_1_243' title='bbox 967 4131 1009 4179; x_wconf 90' lang='lat' dir='ltr'><strong>the</strong></span> <span class='ocrx_word' id='word_1_244' title='bbox 1021 4131 1141 4193; x_wconf 84' lang='lat' dir='ltr'><strong>previous</strong></span> <span class='ocrx_word' id='word_1_245' title='bbox 1157 4137 1280 4182; x_wconf 81' lang='lat' dir='ltr'><strong>accounts</strong></span> <span class='ocrx_word' id='word_1_246' title='bbox 1291 4134 1320 4182; x_wconf 92' lang='lat' dir='ltr'><strong>in</strong></span> 
     </span>
     <span class='ocr_line' id='line_1_38' title="bbox 363 4197 670 4260; baseline 0.01 -16"><span class='ocrx_word' id='word_1_247' title='bbox 363 4197 404 4246; x_wconf 86' lang='lat' dir='ltr'><strong>his</strong></span> <span class='ocrx_word' id='word_1_248' title='bbox 414 4197 521 4260; x_wconf 83' lang='lat' dir='ltr'><strong>Annals,</strong></span> <span class='ocrx_word' id='word_1_249' title='bbox 532 4198 560 4248; x_wconf 90' lang='lat' dir='ltr'><strong>ii.</strong></span> <span class='ocrx_word' id='word_1_250' title='bbox 572 4213 599 4259; x_wconf 89' lang='lat' dir='ltr'><strong>p.</strong></span> <span class='ocrx_word' id='word_1_251' title='bbox 612 4203 670 4248; x_wconf 82' lang='lat'>1⁰6.</span> 
     </span>
    </p>
   </div>
   <div class='ocr_carea' id='block_1_8' title="bbox 0 0 1436 4866">
    <p class='ocr_par' dir='ltr' id='par_1_8' title="bbox 0 0 1436 4866">
     <span class='ocr_line' id='line_1_39' title="bbox 0 0 1436 4866; baseline 0 0"><span class='ocrx_word' id='word_1_252' title='bbox 0 0 1436 4866; x_wconf 95' lang='lat' dir='ltr'><strong> </strong></span> 
     </span>
    </p>
   </div>
  </div>
 </body>
</html>
