2864 4866
417 425 556 474 rnonns
579 425 850 474 nrsroarnauu.
1038 411 1103 475 151

154 583 304 665 crapulis
319 583 455 647 exstitit
471 583 615 648 alienus.
641 584 692 648 Ut
708 592 824 649 autem
839 585 893 649 vir
908 585 976 649 Dei
989 586 1100 650 Fran·
1114 603 1169 644 an.
1182 603 1238 645 1227.

153 685 264 747 ciscus
287 683 352 748 boc
371 684 509 748 salubre
534 684 750 767 propositum
776 686 820 749 ad
843 685 1001 750 effectum
1022 706 1100 768 per-

154 783 306 860 duceret,
337 784 502 848 articulos
526 784 600 869 jam
633 784 757 862 dictoS,
789 805 867 848 cum
894 787 1100 868 quibusdam

153 885 241 962 aliis,
264 903 343 967 quae
366 904 387 948 a
412 884 576 948 iratribus
602 884 695 947 illius
724 885 901 966 religionis
926 905 1035 968 usque
1062 888 1099 950 in

153 982 354 1048 hodiernum
394 983 484 1047 diem
520 985 756 1048 strenuissime
791 986 1031 1063 observantur,
1062 987 1099 1050 in

152 1084 317 1147 schedula
332 1085 546 1166 conscriptos
563 1083 698 1148 sedenti
714 1085 749 1147 in
764 1086 968 1148 consistorio
985 1085 1099 1150 Roma

153 1203 253 1266 papae
285 1184 489 1248 Innocentio
521 1183 746 1266 praesentavit
772 1191 807 1248 et
828 1203 924 1248 suam
958 1186 1099 1268 petitio·

153 1304 230 1347 nem
251 1283 447 1347 confirmari
468 1303 491 1347 a
512 1284 594 1347 sede
614 1284 807 1366 apostolica
828 1285 1032 1368 postulavit.

209 1459 363 1533 Quomodo
377 1460 520 1524 danicos
527 1481 619 1545 papo
635 1459 773 1524 ordinem
782 1460 970 1545 pradictum
976 1483 1038 1546 por

411 1560 615 1646 praellopiom
629 1561 831 1643 coafirraooa't.

202 1685 302 1767 Papa
323 1685 441 1768 itaque
462 1684 499 1748 in
521 1684 627 1749 fratre
649 1693 839 1748 memorato
861 1685 1017 1750 habitum
1039 1686 1098 1750 de·
1111 1703 1259 1792 Thgordqror

151 1786 306 1863 formem,
321 1785 456 1851 vultum
475 1784 730 1868 despicabilem,
752 1786 893 1849 barbam
915 1786 1098 1868 prolixam,
1111 1755 1262 1853 {bilibio

153 1886 295 1969 capillos
327 1885 488 1963 incultoS,
518 1885 704 1967 supercilia
725 1886 910 1967 pendentia
938 1893 973 1949 et
998 1888 1099 1968 nigra
1111 1854 1148 1894 ⁰¹⁰
1156 1865 1216 1904 W

152 1986 336 2068 diligenter
360 1985 592 2062 considerans
615 2005 693 2048 cum
710 1987 910 2066 petitionem
933 1986 1008 2069 ejus
1027 1993 1099 2050 tam

154 2086 295 2150 arduam
316 2093 351 2150 et
369 2086 591 2150 exsecutione
618 2085 864 2168 impossibilem
887 2085 1026 2149 recitari
1048 2087 1098 2150 fe·

152 2187 268 2264 cisset,
297 2186 456 2268 despexit
478 2206 556 2250 eum
581 2192 616 2249 et
635 2185 736 2262 dixit,
760 2184 899 2261 ‘Vade,
922 2185 1040 2263 irater,
1064 2194 1099 2251 et

153 2306 269 2368 quaere
291 2305 426 2369 porcos,
449 2286 573 2368 quibus
597 2285 713 2368 potius
737 2284 841 2348 debes
863 2303 967 2369 quam
989 2284 1099 2350 homi·

153 2387 254 2450 nibus
276 2386 481 2469 comparari,
504 2393 539 2450 et
560 2385 700 2450 involve
716 2392 751 2448 te
771 2404 848 2448 cum
872 2386 922 2448 eis
945 2385 981 2448 in
1002 2385 1100 2449 volu-

152 2488 264 2564 tabro,
280 2494 315 2550 et
331 2485 488 2568 regulam
503 2485 572 2549 illis
589 2504 611 2548 a
628 2491 661 2548 te
679 2491 945 2550 commentatam
961 2486 1100 2550 tradens

153 2586 301 2651 officium
323 2592 393 2649 tuae
415 2584 670 2667 praedicationis
692 2584 863 2666 impende.
913 2585 1015 2664 Quod
1039 2605 1100 2650 au-

153 2687 250 2752 diens
275 2686 480 2750 Franciscus
501 2685 665 2750 inclinato
690 2684 804 2766 capite
822 2684 943 2763 exivit,
958 2693 1005 2763 et,
1020 2706 1098 2768 por-

153 2788 202 2851 cis
225 2787 364 2850 tandem
389 2787 552 2862 inventis,
575 2786 611 2849 in
634 2784 709 2849 luto
735 2803 773 2848 se
799 2804 877 2848 cum
899 2786 949 2848 eis
966 2786 1099 2849 tamdiu

152 2885 312 2965 involvit,
334 2905 512 2969 quousque
532 2904 554 2949 a
575 2885 696 2968 planta
717 2884 815 2967 pedis
834 2904 943 2966 usque
961 2885 1004 2947 ad
1020 2905 1098 2949 ver-

153 2988 253 3052 ticem
279 3006 404 3068 corpus
431 3005 531 3049 suum
548 2992 659 3050 totum
682 3005 760 3048 cum
785 2986 862 3067 ipso
882 2984 1002 3048 habitu
1023 2985 1099 3066 pol-

150 3088 297 3167 luisset3
329 3086 447 3168 sicque
470 3086 513 3149 ad
537 3086 777 3151 consistorium
800 3090 975 3148 revertens
997 3103 1098 3166 papae

151 3207 189 3252 se
216 3186 457 3268 conspectibus
489 3186 716 3268 praesentavit
741 3185 870 3262 dicens,
898 3183 1098 3262 ‘Domina'

153 3288 275 3371 inquit,
295 3286 383 3349 ‘feci
397 3285 488 3350 sicut
504 3284 719 3368 praecepisti3
738 3284 864 3347 exaudi
882 3302 984 3360 nunc,
1000 3284 1099 3347 obse-

154 3408 225 3466 cro,
242 3386 444 3470 petitionem
460 3383 593 3448 meam’
645 3383 749 3462 Quod
766 3383 894 3447 factum
911 3403 989 3447 cum
1005 3402 1099 3465 papa

153 3489 328 3553 admirans
366 3485 616 3568 conspexisset,
650 3484 876 3548 contristatus
912 3489 966 3546 est
996 3483 1098 3549 valde

153 3588 246 3673 quod
274 3587 371 3651 illum
401 3585 630 3667 despexisset,
662 3590 767 3666 atque
800 3583 834 3646 in
869 3601 906 3645 se
938 3602 1098 3648 reversus

153 3687 318 3772 praecepit
342 3694 383 3751 ut
403 3686 496 3749 lotus
519 3683 647 3748 rediret
664 3683 708 3747 ad
731 3702 828 3762 eum3
852 3702 921 3764 quo
943 3682 1100 3747 celeriter

154 3808 176 3853 a
205 3787 363 3852 sordibus
396 3786 575 3860 mundato,
609 3802 768 3848 reversus
800 3788 854 3844 est
884 3782 1098 3848 festinanter.

153 3887 355 3953 Commotus
380 3886 496 3968 itaque
513 3904 606 3969 papa
627 3876 733 3966 super
749 3901 789 3946 ee
807 3882 1006 3965 petitionem
1023 3882 1098 3966 ejus

152 3988 303 4064 admisit,
334 3993 370 4050 et
400 4006 461 4068 per
491 3985 711 4068 privilegium
745 3983 913 4046 Romanae
946 3982 1099 4046 ecclesiae

105 4126 108 4130 ·
151 4087 301 4154 officium
329 4085 583 4169 praedicationis
612 4084 713 4148 simul
741 4102 819 4146 cum
846 4080 965 4145 ordine
990 4083 1099 4164 petito

153 4190 185 4254 ei
199 4188 408 4253 confirmans
425 4206 502 4250 cum
525 4185 763 4251 benedictione
780 4182 920 4247 dimisit.
965 4182 1100 4246 Deinde
