2864 4866
344 390 410 455 122
595 404 730 454 nocam
755 404 801 451 nn
827 404 1033 453 wannovuu

179 581 235 620 an.
250 581 304 619 122⁶.
344 581 421 640 suo,
437 563 493 628 vel
516 562 586 640 alii,
610 570 650 627 ut
665 563 741 628 vice
764 582 829 627 sua
850 563 1033 627 interesset
1059 561 1296 640 electionibus,

344 663 404 747 qui
430 682 489 727 eas
512 665 686 744 turbaret3
714 663 815 728 etsie
837 664 936 747 lapso
959 669 1113 745 tempore
1136 663 1298 726 devolve-

344 772 440 828 retur
456 765 578 829 electio
595 764 639 827 ad
657 765 787 828 curiam
806 764 1013 840 Romanam,
1035 782 1112 846 quae
1133 763 1168 825 in
1187 763 1295 827 omni-

344 866 409 929 bus
425 864 482 930 vel
506 864 662 948 pluribus
686 865 840 929 ecclesiis
862 864 1040 929 Romanos
1062 870 1218 946 poneret,
1239 863 1296 928 vel

345 967 433 1030 tales
466 966 526 1048 qui
559 966 609 1030 eis
646 964 831 1047 plurimum
860 973 976 1029 essent
1005 964 1147 1043 devoti3
1180 971 1215 1030 et
1245 965 1296 1029 sic

345 1066 449 1131 nullae
464 1075 579 1130 essent
600 1072 718 1148 partes
740 1066 979 1148 indigenarum
1002 1064 1225 1146 praelatorum
1240 1064 1296 1129 vel

344 1167 551 1250 principum,
574 1186 651 1230 cum
675 1165 775 1231 multi
802 1167 873 1230 sint
889 1165 955 1230 viri
977 1164 1213 1244 ecclesiastici,
1236 1165 1296 1247 qui

347 1268 461 1350 potius
477 1268 583 1331 curiae
605 1266 775 1331 Romanae
795 1285 896 1348 quam
920 1265 993 1347 regi
1009 1267 1065 1330 vel
1088 1285 1196 1348 regno
1215 1285 1296 1348 pro·

346 1368 512 1432 viderent.
549 1366 639 1431 Item
655 1366 872 1444 addiderunt,
891 1366 995 1449 quod,
1013 1366 1043 1430 si
1057 1366 1299 1449 proportiona-

345 1468 426 1532 liter
447 1467 545 1531 fieret
568 1467 736 1531 bonorum
761 1467 971 1544 distributio,
994 1487 1112 1531 omnes
1143 1466 1179 1530 in
1202 1467 1300 1530 curia

345 1567 467 1632 fierent
492 1567 630 1646 divites,
651 1587 728 1631 cum
751 1568 861 1632 multo
884 1567 963 1650 plus
988 1555 1104 1631 esseut
1126 1568 1298 1649 recepturi

346 1688 449 1751 quam
468 1687 531 1732 rex
556 1668 738 1751 proprius;
769 1676 805 1732 et
828 1667 877 1732 sic
903 1667 1052 1752 majores
1083 1687 1152 1732 non
1185 1668 1297 1731 solum

345 1768 483 1847 diviteS,
499 1768 559 1832 sed
574 1777 609 1833 et
626 1769 797 1846 ditissimi,
811 1768 944 1832 fierent.
996 1767 1086 1832 Cum
1100 1768 1208 1851 igitur
1218 1788 1296 1832 ver-

345 1870 410 1932 mis
441 1870 586 1934 divitum
615 1871 660 1934 sit
689 1869 863 1952 superbia,
898 1868 1048 1953 majores
1082 1869 1142 1932 vix
1173 1888 1297 1933 causas

347 1970 516 2047 audirent,
540 1970 599 2034 sed
618 1990 678 2034 eas
698 1971 734 2034 iu
754 1971 957 2033 immensum
976 1969 1163 2046 differrent,
1181 1976 1217 2033 et
1233 1970 1297 2032 mi·

346 2089 448 2135 nores
476 2071 663 2135 scriberent
684 2071 806 2147 inviti;
836 2070 935 2155 cujus
952 2071 1002 2133 rei
1022 2069 1296 2153 experimentum

345 2171 381 2234 in
409 2171 560 2234 evidenti
591 2178 655 2248 est,
689 2170 771 2253 quia
801 2179 835 2235 et
862 2171 964 2235 modo
992 2171 1134 2253 negotia
1162 2182 1297 2252 protra-

346 2270 443 2346 hunt,
456 2272 558 2343 etiam
574 2279 652 2354 post
669 2278 831 2354 percepta
848 2272 1016 2353 obsequIa
1027 2277 1063 2334 et
1077 2270 1298 2335 securitatem

348 2371 556 2453 percipiendi
572 2391 580 2451 ;
604 2377 640 2434 et
651 2371 701 2435 sic
715 2372 968 2455 periclitaretur
979 2371 1131 2456 justitia,
1145 2378 1181 2436 et
1198 2391 1300 2454 opor·-

348 2478 437 2535 teret
460 2479 709 2554 conquerentes
733 2473 820 2535 mori
846 2472 882 2534 in
912 2473 1030 2556 januis
1060 2471 1298 2536 Romanorum

349 2578 433 2637 tunc
464 2572 662 2654 plenissime
690 2571 951 2636 dominantium.
1004 2571 1107 2649 Item,
1131 2592 1210 2637 cum
1237 2573 1298 2636 vix

349 2672 511 2754 possibile
544 2671 746 2736 sitientem
775 2672 974 2755 cupiditatis
1003 2672 1179 2749 desiccari,
1205 2673 1299 2756 quod

350 2792 441 2836 nuuc
463 2772 596 2836 faciunt
615 2792 676 2854 per
698 2792 747 2850 se,
774 2779 856 2837 tunc
881 2772 1037 2836 facerent*
1056 2793 1117 2855 per
1139 2773 1237 2850 alios,
1264 2780 1299 2837 et

349 2872 421 2935 suis
439 2873 548 2936 multo
566 2871 700 2957 majora
721 2893 822 2956 quam
851 2892 942 2937 nunc
967 2873 1041 2937 dari
1059 2891 1203 2937 munera
1219 2894 1300 2956 pro-

350 2980 524 3049 curarent,
551 2972 685 3036 modica
714 2975 805 3036 enim
830 2973 925 3036 nulla
947 2974 1087 3038 suntin
1110 2983 1298 3056 conspectu

349 3072 495 3137 divitum
520 3073 733 3154 cupidorum.
786 3073 889 3150 Item,
911 3073 1030 3137 multae
1055 3074 1186 3137 divitiae
1206 3072 1299 3138 face·

349 3181 426 3237 rent
449 3174 542 3237 cives
566 3173 744 3237 Romanos
767 3173 930 3250 insanire,
953 3174 1052 3237 etsie
1074 3173 1165 3238 inter
1187 3173 1299 3238 diver-

350 3292 408 3336 sas
433 3273 630 3355 parentelas
657 3280 766 3337 tantae
789 3274 961 3337 orirentur
985 3273 1182 3351 seditiones,
1206 3274 1299 3356 quod

350 3380 470 3455 posset
506 3372 619 3437 timeri
656 3375 762 3438 totius
795 3373 969 3438 excidium
999 3375 1166 3452 civitatis
1197 3374 1298 3458 cujus

350 3474 455 3537 etiam
472 3493 536 3537 nec
551 3473 652 3536 modo
675 3481 729 3537 est
747 3493 871 3556 expers
895 3474 1044 3538 omnino.
1091 3473 1182 3538 Item
1203 3474 1300 3538 dixe·

350 3581 443 3649 runt,
472 3572 576 3655 quod,
602 3573 684 3636 licet
713 3593 750 3637 se
775 3574 971 3655 obligarent
995 3575 1054 3656 qui
1079 3575 1181 3638 modo
1211 3594 1299 3657 prae·

350 3679 466 3735 sentes
481 3678 575 3748 sunt,
590 3672 624 3734 id
643 3691 710 3735 non
728 3675 942 3757 susciperent
950 3694 1067 3738 eorum
1085 3693 1301 3738 successores

351 3791 414 3835 nec
431 3772 524 3835 illam
549 3772 793 3853 obligationem
808 3781 920 3838 ratam
941 3775 1117 3839 haberent.
1171 3773 1301 3839 Novis·

350 3873 436 3935 sime
457 3878 571 3935 autem
587 3873 637 3936 sic
655 3875 833 3954 negotium
851 3875 1105 3952 concluserunt,
1121 3873 1301 3952 ‘Domina

351 3978 490 4036 moveat
511 3990 572 4036 vos
592 3973 685 4037 zelus
708 3974 913 4038 universalis
936 3974 1090 4038 ecclesiae
1113 3981 1148 4038 et
1169 3981 1300 4039 sanctae

350 4071 441 4135 sedis
458 4072 638 4151 Romanae,
660 4075 754 4156 quia,
775 4075 804 4137 si
821 4075 972 4138 omnium
990 4081 1081 4138 esset
1095 4073 1300 4138 universalis

349 4173 540 4254 oppressio,
565 4182 682 4255 posset
711 4174 822 4238 timeri
847 4195 889 4238 ne
913 4175 1106 4239 immineret
1129 4175 1300 4256 generalis
