2864 4866
347 408 414 473 326
595 421 730 469 aueum
758 421 805 468 nn
831 420 1038 469 wnuuovaa

188 606 313 649 anum.
350 585 466 646 batem
488 579 649 662 eligendi,
662 581 698 643 in
718 579 870 644 crastino
890 578 1168 644 annunciationis
1189 579 1306 642 beatae

354 681 477 746 Mariae
505 681 684 762 elegerunt
706 679 894 744 solenniter
917 679 941 743 J
944 678 1127 757 ohannem,
1152 679 1305 762 priorem

354 783 396 846 de
413 780 595 857 Hertford,
612 780 817 844 monachum
833 800 934 844 suum
950 779 1154 862 professum,
1169 780 1207 843 in
1224 795 1307 859 pas·

355 891 465 945 torem
495 879 688 945 animarum
714 899 867 957 suarum,
895 880 956 962 qui
981 880 1055 961 regi
1074 883 1306 962 praesentatus

356 983 400 1046 ab
424 1001 466 1045 eo
488 979 724 1043 favorabiliter
745 987 904 1063 receptus
925 987 980 1044 est
996 979 1180 1044 Dominica
1195 977 1232 1041 in
1248 995 1307 1040 ra·

356 1082 423 1145 mis
448 1080 663 1162 palmarum3
693 1087 728 1143 et
744 1086 828 1143 tunc
852 1080 948 1143 missi
973 1089 1055 1143 sunt
1068 1077 1228 1142 monachi
1250 1095 1307 1140 eo·

358 1180 471 1245 clasiae
496 1179 651 1262 ejusdem
673 1186 709 1243 et
729 1178 845 1243 clerici
868 1179 913 1244 ad
937 1179 1068 1242 curiam
1098 1178 1308 1254 Romanam,

360 1281 404 1345 ad
431 1299 534 1363 quam
556 1278 753 1343 immediate
782 1285 930 1362 spectat,
956 1284 995 1342 ut
1018 1278 1221 1343 electionem
1242 1276 1309 1340 rite

360 1381 487 1444 factam
503 1380 729 1462 impetrarent
748 1378 868 1444 assde
889 1378 1081 1461 apostolica
1100 1377 1311 1455 confirmari,

363 1480 421 1543 ubi
453 1480 527 1543 sine
555 1477 758 1543 difficultate
787 1472 973 1544 ¹electione
1004 1478 1208 1542 confirmata
1232 1496 1310 1541 cum

360 1579 599 1644 benedictione
616 1578 808 1660 apostolica
830 1579 959 1645 reversi
981 1579 1113 1643 suntin
1133 1577 1311 1660 regionem

363 1673 487 1743 snam.²
525 1678 613 1742 Post
628 1678 702 1741 haec
719 1686 835 1742 autem
851 1679 941 1742 idem
959 1679 1090 1743 electus
1102 1678 1139 1741 in
1158 1678 1311 1742 crastino

364 1779 557 1843 nativitatis
578 1780 690 1842 beatae
707 1778 842 1856 Mariae,
861 1779 898 1843 in
913 1778 1096 1843 Dominica
1113 1777 1182 1852 die,
1201 1797 1223 1842 a
1238 1777 1312 1841 Ro-

364 1879 700 1962 gero‚Londoniensi
711 1879 885 1961 episcopo,
896 1879 1165 1943 benedictionem
1177 1878 1313 1942 abbatis

365 1980 541 2061 suscepit3
574 1978 686 2042 medio
706 1986 821 2043 autem
840 1986 1005 2061 tempore,
1022 1999 1090 2061 quo
1108 1978 1183 2042 baec
1197 1979 1314 2042 omnia

366 2080 460 2143 sacta
486 2085 579 2151 sunt,
601 2079 767 2142 remansit
781 2079 927 2142 ,abbatia
950 2098 1028 2141 cum
1055 2078 1215 2143 omnibus
1236 2098 1314 2160 per-

367 2179 520 2242 tinentiis
544 2179 608 2241 sub
629 2178 787 2242 custodia
803 2186 994 2243 conventus
1012 2198 1056 2241 ex
1072 2177 1239 2242 beneficio
1261 2199 1315 2242 re·

368 2280 433 2359 gia,
449 2276 687 2360 hospitalitate
703 2279 841 2360 integra
856 2285 1065 2342 remanente.
1104 2277 1235 2342 Eodem
1253 2297 1316 2342 an·

368 2399 413 2442 no
432 2377 455 2441 J
458 2377 549 2459 udaei
574 2377 791 2460 privilegium
814 2379 1085 2460 impetraverunt
1109 2396 1131 2441 a
1153 2370 1317 2460 pontifice

370 2477 542 2555 Romano,
560 2497 601 2540 ne
628 2497 649 2541 a
671 2479 809 2558 regibus
823 2485 885 2542 aut
901 2479 1113 2560 principibus
1132 2497 1196 2560 pro
1213 2499 1317 2543 exac-

371 2579 464 2641 tione
490 2577 644 2659 pecuniae
669 2578 816 2660 turpiter
842 2586 1075 2643 tractarentur
1093 2578 1150 2642 vel
1179 2579 1216 2641 in
1243 2598 1320 2643 car·

371 2696 447 2740 cere
464 2684 685 2758 ponerentur.

408 2874 549 2926 ¹Electioae
567 2877 739 2942 confirmata]
769 2877 834 2928 Gre-
859 2880 919 2928 bent
929 2879 961 2928 de
973 2882 1095 2928 conventu
1106 2892 1185 2940 penes
1198 2879 1322 2942 sesigillo

374 2948 459 3008 gory's
476 2947 549 2996 letter
570 2952 596 2995 to
619 2948 661 2996 the
684 2947 788 3009 bishops
810 2947 839 2996 oi
860 2953 996 2998 conventus
1007 2949 1145 3010 roboratas,
1155 2953 1186 2997 ut
1196 2950 1252 3010 ipse
1264 2964 1322 2998 con·

375 3018 424 3078 Ely
443 3017 493 3064 and
513 3017 618 3065 London
640 3017 663 3066 is
686 3018 787 3078 printed
809 3018 836 3065 in
860 3024 950 3068 ventus
966 3019 1048 3079 illum,
1062 3033 1138 3080 quem
1157 3019 1208 3079 ipsi
1225 3019 1322 3068 duode-

374 3088 416 3135 the
425 3087 594 3136 collectiones
603 3086 735 3150 (louncils,
745 3102 759 3136 e
770 3087 835 3149 Typ.
861 3090 910 3137 cim
921 3089 1015 3150 eligent
1027 3090 1053 3136 in
1063 3090 1190 3150 abbatem,
1198 3089 1253 3137 sine
1264 3104 1323 3138 con·

376 3158 440 3218 Reg.
450 3157 540 3206 xxviii.
551 3172 577 3217 p.
586 3161 645 3205 288.
861 3159 1009 3208 tradictione
1023 3160 1175 3208 unanimiter
1184 3159 1325 3220 suscipient

412 3224 524 3285 ’Sach
555 3227 610 3275 ‘Ibe
631 3226 704 3275 mode
726 3226 755 3275 of
771 3225 837 3275 elec·
861 3233 887 3277 et
909 3233 1045 3291 gratanter.
1087 3229 1162 3277 Unde
1184 3230 1263 3278 set-les
1282 3245 1325 3279 ne·

376 3298 428 3345 tion
445 3297 468 3344 is
484 3296 544 3345 thus
555 3297 687 3346 described
699 3297 733 3358 by
744 3296 837 3345 Paris:
863 3299 924 3360 gotii
936 3300 973 3348 sic
984 3303 1118 3361 prosecuta
1129 3314 1145 3348 a
1156 3313 1254 3348 summo
1264 3315 1327 3361 pon·

376 3366 554 3417 ‘confessores
566 3366 663 3415 scilicet
670 3371 721 3415 tres
729 3367 839 3427 velqua-
862 3371 928 3417 tilica
939 3374 965 3417 et
971 3371 1088 3419 omnibus
1094 3369 1258 3419 audientibus
1268 3384 1325 3419 cum

375 3441 433 3485 tuor
439 3437 561 3499 jubentur
576 3437 689 3485 districte
702 3438 730 3484 in
746 3436 839 3486 virtute
863 3439 1027 3488 admiratione
1042 3443 1081 3488 est
1094 3439 1278 3502 commendata,
1291 3444 1326 3501 et,

378 3507 487 3568 Spiritus
506 3507 601 3567 Sancti,
620 3510 706 3567 utpote
722 3507 767 3567 qui
780 3521 840 3568 cog·
864 3509 932 3558 facta
958 3512 1151 3570 examinatione,
1176 3511 1326 3559 auctoritate

377 3582 484 3626 noscunt
502 3577 579 3624 corda
595 3581 621 3624 et
636 3590 709 3624 renes
728 3576 840 3639 singulo·
865 3580 1004 3641 apostolica
1013 3581 1165 3628 confirmata.
1201 3578 1327 3629 Verunta-

377 3662 443 3707 rum,
468 3652 497 3694 ut
518 3647 569 3707 ipsi
591 3647 686 3707 eligant
706 3646 839 3695 duodecim
865 3664 931 3710 men,
939 3649 1039 3710 quiade
1051 3649 1239 3711 personaelecti
1250 3665 1326 3712 papae

378 3717 410 3764 de
428 3723 551 3765 conventu
568 3715 657 3764 iratres
673 3715 775 3777 electos,
791 3717 840 3765 sci·
866 3734 914 3768 non
921 3720 1061 3781 constabat,
1067 3719 1258 3768 deditsummus
1265 3736 1328 3782 pon-

378 3785 532 3834 licetlideles
544 3793 570 3834 et
580 3787 684 3848 peritos,
699 3790 729 3834 ut
739 3787 790 3847 ipsi
800 3787 841 3835 vel
866 3789 928 3838 tifex
939 3790 964 3837 in
977 3789 1102 3838 mandatis
1112 3790 1210 3838 Ellensi
1223 3794 1250 3838 et
1262 3791 1328 3839 Lon·

379 3854 411 3902 de
426 3856 526 3915 seipsis,
537 3857 578 3904 vel
596 3856 628 3903 de
644 3857 700 3917 ipso
717 3862 840 3906 conventu
866 3861 964 3908 dicensi
985 3860 1121 3922 episcopis,
1138 3863 1176 3922 ut,
1194 3861 1242 3908 rite
1259 3860 1327 3910 lacta

380 3925 552 3984 ecclesiae,vel
564 3927 596 3974 de
608 3927 687 3986 cellis,
697 3940 777 3975 unum
788 3927 841 3975 ido·
866 3945 899 3979 ex
915 3944 1022 3991 persona
1039 3930 1114 3978 electi
1135 3929 1328 3991 examinatione,

380 4008 454 4043 neum
477 3995 573 4056 eligant
594 3996 620 4043 iu
639 3997 765 4046 abbatem.
806 3998 842 4046 Ut
867 4000 973 4048 eundem
985 4001 1012 4048 in
1024 4001 1141 4049 abbatem
1155 4000 1328 4050 confirmatum

379 4069 463 4112 autem
476 4079 561 4113 eorum
578 4065 668 4114 electio
679 4070 705 4114 et
714 4067 786 4116 labor
799 4066 842 4116 de·
867 4070 1052 4132 benedicerent,
1056 4070 1130 4132 plene
1138 4069 1269 4119 inomnem
1277 4076 1329 4121 tam

379 4133 534 4182 liberationis
550 4150 627 4196 super
640 4136 686 4184 hoc
698 4137 798 4199 negotio
810 4138 843 4186 ir·
868 4141 1038 4200 spiritualium
1057 4155 1134 4202 quam
1151 4143 1329 4202 temporalium

379 4204 442 4254 ritus
460 4220 508 4253 non
526 4206 658 4267 habeatur,
679 4207 776 4257 litteras
797 4208 854 4258 hu·v
867 4210 1107 4261 administrationem
1117 4208 1295 4263 instituentes!
