2864 4866
443 412 581 461 neonus
605 412 874 461 nrsronrnnun.
1063 395 1130 460 295
1172 422 1174 426 ⁸

183 570 218 630 in
239 569 477 651 purificatione
506 575 636 632 sanctae
660 568 795 644 Mariae,
818 569 854 631 in
870 588 939 651 quo
960 568 1126 650 quosdam
1139 584 1195 673 ii'D'
1207 585 1262 622 1²³4·

184 669 374 749 episcopos
400 675 436 731 et
459 668 609 731 maxime
630 666 881 745 Alexandrum,
909 667 1126 731 Cestrensem
1140 644 1256 773 affin

184 768 394 848 episcopum,
417 768 569 848 graviter
585 767 777 849 increpavit
794 767 836 830 de
859 767 965 830 nimia
981 738 1175 830 familia·te
1206 743 1275 783 ἀμ’

185 867 288 929 ritate
312 867 448 929 comitis
469 866 668 929 Marescalli
688 875 724 930 et
736 866 828 948 qnod
847 867 961 948 ipsum
986 884 1008 928 a
1029 866 1127 946 regni

186 965 273 1028 solio
290 964 460 1046 depellere
480 966 701 1043 nitebantur3
729 965 911 1047 episcopus
934 970 1050 1028 autem
1069 964 1128 1026 ille

186 1063 441 1146 pontificalibus
480 1063 634 1140 indutuS,
668 1083 746 1127 cum
774 1063 860 1127 talia
894 1064 959 1127 sibi
991 1062 1127 1144 objecta

185 1163 416 1244 cognovisset,
444 1163 755 1227 excommunicavit
788 1181 918 1238 omnes,
952 1161 1011 1244 qui
1045 1180 1127 1225 con-

188 1269 242 1326 tra
264 1281 378 1342 regem
403 1260 619 1342 iniquitatem
642 1262 837 1344 hujusmodi
858 1261 1070 1341 cogitabant,
1093 1269 1128 1324 et

187 1362 250 1436 sic,
264 1360 570 1424 intervenientibus
594 1361 765 1443 episcopis
787 1361 847 1443 qui
870 1361 1025 1437 aderant,
1049 1378 1125 1423 cnm

189 1479 270 1541 rege
286 1458 490 1541 pacificatus
507 1467 571 1523 est.
625 1457 747 1524 Adfuit
764 1460 900 1541 quidem
922 1460 1001 1523 buic
1022 1459 1128 1524 collo-

188 1559 269 1640 quio
297 1559 463 1640 magister
491 1559 724 1635 EadmunduS,
754 1557 1013 1624 Cantuariensis
1038 1559 1126 1622 elec-

189 1667 258 1734 tus,
273 1677 351 1722 cum
366 1659 483 1722 multis
499 1658 667 1740 episcopis
683 1657 921 1739 suffraganeis
936 1659 995 1740 qui
1011 1677 1128 1721 omnes

189 1759 280 1838 regis
308 1765 343 1821 et
367 1757 464 1838 regni
488 1757 693 1822 desolationi
719 1758 938 1823 condolentes
960 1764 1129 1821 venerunt

190 1857 234 1919 ad
257 1876 372 1937 regem
395 1864 430 1920 et
446 1857 546 1939 quasi
564 1876 633 1919 uno
658 1857 772 1934 corde,
795 1857 910 1921 animo
927 1863 963 1920 et
978 1875 1036 1920 ore
1053 1854 1129 1917 dix-

190 1963 303 2032 erunt,
327 1957 503 2019 ‘Domine
526 1977 601 2033 rex,
622 1956 767 2022 dicimus
789 1957 886 2021 vobis
908 1957 943 2018 in
968 1955 1129 2030 Domino,

191 2062 230 2119 ut
246 2055 364 2118 fideles
382 2056 500 2131 vestri,
519 2056 600 2138 quia
624 2056 815 2133 consilium,
836 2055 928 2138 quod
953 2073 1044 2118 nunc
1068 2053 1129 2117 ba·

189 2155 278 2224 betis
295 2161 330 2218 et
341 2175 409 2236 quo
426 2155 573 2231 utimini,
590 2176 660 2219 non
677 2162 729 2219 est
747 2174 868 2218 sanum
883 2174 946 2218 nec
962 2173 1130 2228 securum,

191 2255 250 2317 sed
278 2255 415 2318 crudele
439 2261 474 2318 et
495 2253 724 2336 periculosum
746 2255 841 2320 vobis
870 2263 905 2318 et
926 2273 1034 2334 regno
1057 2251 1130 2316 An·

191 2353 283 2434 glise,
312 2354 409 2418 Petri
440 2353 602 2417 videlicet
629 2353 880 2419 Wintoniensis
913 2353 1066 2436 episcopi
1097 2361 1132 2415 et

194 2452 291 2517 Petri
308 2453 350 2518 de
369 2452 529 2516 Rivallis.
582 2453 625 2516 In
649 2453 781 2535 primis,
802 2454 883 2535 quia
903 2458 1041 2534 gentem
1059 2449 1133 2514 An-

192 2553 362 2634 glicanam
379 2552 458 2616 odio
476 2552 615 2628 habent,
630 2560 794 2617 vocantes
816 2572 874 2616 eos
891 2552 1083 2634 proditores
1099 2558 1134 2613 et

192 2651 356 2715 facientes
376 2670 495 2715 omnes
511 2651 562 2715 sic
577 2651 705 2728 vocari,
720 2660 755 2716 et
771 2659 965 2716 avertentes
982 2650 1132 2714 animum

193 2758 344 2815 vestrum
368 2770 389 2813 a
414 2756 516 2832 gente
533 2759 648 2814 vestra
670 2759 706 2814 et
720 2751 833 2832 gentis
847 2759 971 2815 vestrae
989 2767 1011 2812 a
1024 2749 1134 2824 vobis,

192 2857 231 2914 ut
248 2856 392 2932 apparet
407 2850 444 2912 in
466 2849 559 2914 facto
583 2850 794 2926 Marescalli‚
814 2851 873 2932 qui
893 2849 1012 2913 melior
1034 2847 1136 2911 bomo

194 2956 247 3011 est
260 2957 360 3012 terrae
375 2956 513 3025 vestrae,
529 2956 564 3012 et
577 2949 651 3012 baec
667 2968 730 3031 per
744 2949 837 3012 mala
855 2947 1045 3021 mendacia,
1058 2965 1136 3027 quae

194 3047 292 3111 vobis
315 3047 435 3111 dicunt
452 3047 494 3111 de
517 3049 578 3125 εἰς,
601 3049 716 3111 omnia
737 3067 854 3111 eorum
876 3047 969 3113 dicta
988 3053 1024 3109 et
1044 3045 1137 3107 facta

194 3154 406 3227 pervertunt.
460 3148 505 3210 Et
532 3167 595 3230 per
620 3147 685 3210 boc
710 3147 799 3211 idem
827 3146 1020 3221 consilium,
1045 3143 1137 3207 scili-

196 3253 251 3308 cet
275 3265 337 3327 per
367 3247 495 3309 dictum
524 3247 735 3329 episcopum,
759 3248 875 3311 amisit
904 3252 1004 3328 pater
1025 3250 1140 3308 vester

197 3365 259 3408 rex
283 3345 305 3408 J
309 3346 461 3409 ohannes
486 3346 596 3427 primo
623 3347 728 3410 corda
757 3346 871 3427 gentis
893 3364 978 3420 suae,
1000 3351 1036 3408 et
1060 3350 1140 3424 post

200 3443 449 3508 Normanniam
482 3454 518 3508 et
549 3445 635 3508 alias
666 3455 777 3511 terras
813 3463 906 3520 suas,
938 3451 973 3506 et
1005 3443 1041 3507 in
1072 3443 1140 3504 fine

199 3551 309 3608 totum
334 3545 533 3607 thesaurum
565 3564 665 3608 suum
696 3553 731 3608 et
757 3543 828 3607 fere
854 3543 1042 3607 dominium
1068 3539 1147 3629 An-=

200 3644 292 3722 gliae,
321 3651 355 3706 et
381 3663 558 3726 nunquam
587 3651 709 3725 postea
736 3663 856 3725 pacem
888 3642 1020 3705 habuit.
1073 3640 1143 3704 Per

199 3743 288 3804 idem
321 3743 500 3805 eonsilium
527 3745 702 3807 turbatum
729 3743 794 3807 suit
820 3761 962 3823 regnum
990 3748 1027 3804 et
1047 3740 1143 3804 venit

200 3841 431 3918 interdictum,
460 3850 495 3905 et
516 3852 616 3925 pater
632 3850 748 3907 vester
769 3862 830 3924 per
851 3841 939 3905 tales
963 3840 1143 3921 angustias

201 3941 339 4005 tandem
368 3951 514 4005 mortem
542 3943 696 4008 incurrit.
754 3942 824 4005 Per
852 3942 941 4004 idem
964 3940 1144 4004 consilium

202 4042 412 4123 temporibus
428 4042 556 4104 nostris
578 4048 699 4105 eontra
714 4061 776 4105 vos
796 4041 973 4104 detentum
988 4040 1055 4103 fuit
1071 4059 1146 4102 cas·
1193 4045 1198 4050 '

203 4141 320 4203 tellum
336 4141 382 4232 de
397 4139 580 4217 Bedesord‚
599 4140 849 4224 propterquod
867 4139 1050 4221 Rupcllam
1071 4158 1147 4220 per·
