2864 4866
387 400 527 448 neonus
551 399 821 465 ursromaauu.
1014 388 1079 453 127

124 559 161 622 in
177 555 318 622 abbatia
339 556 535 641 hospitatus
557 567 632 639 est;
667 560 737 638 ubi,
760 568 840 644 post
863 560 1078 644 splendidam
1090 579 1213 620 anina

125 659 346 724 resectionem
379 678 457 723 cum
485 667 585 725 nocte
617 663 774 745 sequenti
806 663 897 726 lecto
924 682 1000 726 sese
1024 683 1078 727 re·

126 761 288 843 cepisset,
303 759 419 824 clerici
444 759 533 844 ejus
556 781 657 826 mane
679 762 772 827 sacto
795 769 830 826 et
852 763 925 827 sole
945 762 1019 847 jam
1041 764 1078 826 in

126 860 234 926 altum
274 867 453 943 vergente,
491 861 681 926 thalamum
722 863 798 946 ejus
836 863 1006 927 intrantes
1043 871 1078 928 et

96 986 99 991 ·
125 961 222 1025 illum
248 961 402 1025 excitare
429 961 585 1026 volentes
610 964 818 1028 invenerunt
842 984 920 1028 eum
946 971 1076 1028 mortu·

128 1082 185 1126 um
217 1068 253 1125 et
278 1062 418 1126 omnino
453 1063 657 1141 extinctum,
688 1065 745 1146 qui
775 1064 928 1127 maxima
960 1064 1077 1128 consu-

127 1163 223 1227 sione
243 1161 429 1246 stupefacti
454 1163 655 1228 celaverunt
673 1171 818 1228 mortem
841 1163 917 1247 ejus
938 1165 993 1228 die
1017 1165 1077 1230 illo

128 1282 238 1345 usque
256 1263 300 1327 ad
320 1283 513 1345 vesperam,
536 1264 687 1346 eoquod
713 1266 844 1347 absque
864 1264 1077 1329 confessione

128 1371 164 1428 et
176 1364 304 1428 viatico
322 1365 535 1447 exspirasset
551 1385 559 1442 ;
591 1365 714 1429 deinde
730 1385 814 1429 vero
836 1384 953 1429 casum
978 1366 1078 1428 mise-

128 1463 270 1529 rabilem
294 1465 401 1548 priori
425 1471 461 1529 et
478 1465 663 1529 conventui
686 1465 890 1543 indicantes,
909 1465 1078 1530 fabricata

128 1584 205 1629 cum
223 1565 443 1630 festinatione
470 1565 605 1642 lectica,
627 1584 753 1648 corpus
775 1566 1007 1649 sepeliendum
1033 1566 1076 1630 ad

128 1666 396 1731 Dunelmensem
426 1666 606 1730 ecclesiam
637 1666 844 1730 detulerunt.
893 1666 990 1730 Obiit
1019 1687 1078 1731 an-

129 1772 198 1831 tem
216 1767 328 1849 primo
350 1766 404 1830 die
421 1767 548 1830 mensis
570 1766 668 1843 Maii,
688 1773 874 1850 postquam
889 1769 1025 1832 vixerat
1041 1770 1078 1831 in

129 1867 331 1950 episcopatu
354 1866 490 1930 circiter
507 1866 607 1931 annis
625 1860 777 1932 ¹novem.
830 1868 885 1932 De
907 1868 971 1931 hoc
994 1888 1079 1950 qno-

130 1987 197 2050 que
212 1967 375 2051 episcopo
392 1987 461 2031 non
483 1966 652 2032 credimus
675 1966 748 2031 fore
768 1966 964 2044 tacendum,
986 1969 1078 2050 qnod

130 2068 223 2132 circa
242 2068 416 2132 biennium
442 2074 523 2132 ante
543 2076 687 2132 mortem
712 2067 800 2151 ejus,
821 2089 882 2132 rex
905 2069 1077 2151 qnondam

130 2165 324 2252 Anglorum
340 2167 364 2232 J
366 2167 520 2233 ohannes
538 2168 700 2251 apparuit
715 2169 751 2231 in
767 2169 900 2233 visione
913 2175 1080 2233 nocturna

132 2269 267 2333 cuidam
284 2268 454 2333 monacho
478 2269 521 2333 de
538 2276 659 2334 sancto
677 2266 815 2333 Albano
838 2270 929 2353 apud
953 2269 1079 2333 Thine-

131 2388 246 2435 muam
282 2376 363 2433 tunc
401 2370 637 2447 commoranti,
670 2370 729 2451 qui
760 2369 940 2434 familiaris
967 2369 1080 2434 fuerat

130 2470 268 2552 regibus
299 2467 510 2551 Anglorum,
547 2476 618 2533 tam
655 2471 728 2551 regi
765 2469 941 2535 Richardo
974 2491 1076 2553 quam

132 2570 213 2635 huic
228 2569 394 2646 Johanni,
414 2570 465 2634 ita
488 2570 580 2653 quod
605 2572 641 2634 in
665 2589 782 2634 eorum
807 2572 953 2653 negotiis
980 2591 1080 2635 exse·

132 2670 277 2754 quamdis
310 2670 495 2754 aliquando
526 2671 686 2747 Romam,
712 2671 897 2753 aliquando
930 2672 965 2734 in
998 2671 1079 2736 Sco

131 2771 227 2849 tiam,
241 2778 276 2836 et
294 2770 338 2834 ad
354 2771 424 2835 alia
440 2771 517 2835 loca
539 2771 687 2854 plurima
708 2771 833 2835 missus
848 2772 1080 2854 propensiori·

132 2873 197 2937 bus
222 2872 289 2937 sibi
313 2872 438 2935 studiis
461 2872 646 2935 eorundem
672 2891 791 2953 regum
818 2872 965 2954 gratiam
987 2892 1079 2936 com-

132 2971 280 3055 paravit.
333 2972 506 3036 Monacho
537 2973 654 3054 itaque
684 2972 720 3034 in
748 2972 838 3035 lecto
869 2973 1079 3055 quiescente,

134 3072 269 3137 adstitit
290 3073 322 3136 ei
345 3092 407 3137 rex
429 3072 594 3156 praefatus
614 3073 650 3135 in
667 3073 821 3136 vestibus
838 3074 1023 3154 regalibus
1039 3072 1081 3137 de

131 3192 247 3257 panno
264 3173 396 3238 scilicet
412 3192 512 3255 quem
530 3172 742 3256 imperialem
758 3172 955 3254 appellant3
979 3192 1081 3255 quem

133 3273 321 3338 monachus
346 3292 606 3356 recognoscens,
634 3293 675 3337 ac
706 3273 902 3336 memoriter
927 3273 1081 3336 recolens

133 3374 226 3458 quod
247 3380 405 3438 mortuus
427 3373 563 3450 fuisset,
590 3373 831 3438 sciscitabatur
858 3373 901 3437 ab
930 3393 971 3437 eo
997 3392 1083 3456 qua-

133 3474 212 3539 liter
225 3492 263 3538 sc
282 3473 435 3538 haberet.
489 3472 555 3538 Cui
578 3494 652 3551 rex,
667 3479 677 3508 ‘
695 3473 753 3537 Ito
768 3470 844 3551 me,'
860 3474 985 3555 inquit,
1000 3479 1009 3507 ‘
1024 3473 1083 3537 ha-

168 3684 299 3760 ¹Nouem.]
323 3691 398 3741 Paris
418 3691 508 3742 inserts
528 3691 567 3741 his
588 3691 702 3754 epitaph,
721 3707 750 3741 us
767 3693 867 3742 written
885 3693 920 3754 by
934 3706 950 3740 a
966 3692 1041 3742 monk
1058 3691 1088 3740 ot

132 3761 259 3824 Barbam,
269 3763 329 3812 thus
340 3778 347 3813 ι

214 3847 390 3910 culminaqui
405 3850 465 3912 cupi
603 3849 693 3899 laudes
705 3863 861 3911 pompasque
874 3849 916 3899 siti
955 3852 969 3921 t

216 3919 364 3969 Esteedmo
377 3920 399 3968 si
603 3921 624 3968 si
636 3934 675 3968 me
686 3934 792 3980 pensare
804 3920 855 3968 veli

216 3989 270 4040 Qui
280 3990 389 4052 populos
399 3991 455 4053 regi
505 4027 538 4077 tis
602 4004 725 4039 memores
736 3991 906 4051 superomnia
917 3991 939 4039 si
980 4026 1014 4074 tis

215 4059 291 4111 Quod
301 4075 367 4109 mors
378 4061 447 4109 immi
540 4062 548 4089 ’
604 4075 653 4110 nou
665 4061 747 4122 parcit
757 4060 850 4109 honore
860 4062 914 4122 poti
1017 4062 1023 4076 ‘

214 4130 295 4178 Vobis
304 4132 415 4192 praepoei
603 4131 693 4180 similis
704 4130 801 4179 sueram
813 4132 876 4180 bene
888 4132 924 4180 eci

216 4200 292 4252 Quod
305 4214 361 4250 sum
372 4215 418 4250 vos
427 4203 465 4250 eri
602 4201 636 4250 ad
646 4216 686 4252 me
697 4200 820 4251 currendo
830 4202 889 4251 veni
