2864 4866
343 399 410 467 282
607 418 742 466 nocnct
766 418 813 466 ns
835 417 1043 467 wunoovnc
1093 378 1096 383 ⁵

183 601 239 642 nn.
251 602 325 642 12³ss
346 577 440 643 tione
457 575 632 657 conclusi;
663 577 754 642 unde
777 577 879 660 pauci
905 597 952 641 ex
974 577 1147 654 omnibus,
1169 575 1228 658 qui
1254 575 1298 640 de

184 652 319 744 iritfflssl'ln.
346 678 489 742 castello
504 678 674 756 exierant,
694 678 882 743 incolumes
899 684 981 742 sunt
997 678 1138 744 reversi.
1190 676 1297 760 Capti

347 785 428 843 sunt
453 785 568 842 autem
586 778 622 841 in
644 787 744 861 parte
765 779 964 843 Marescclli
985 778 1138 843 Thomas
1158 776 1298 855 Sinard,

341 878 482 962 juvenis
507 879 544 942 in
571 879 696 943 militia
716 879 918 962 praeclarus
939 898 1018 943 cum
1037 877 1172 944 duobus
1193 878 1298 942 sociis

345 979 524 1056 militibus,
540 979 599 1061 qui
614 979 771 1062 perducti
787 979 928 1043 suntad
949 979 1130 1044 castellum
1153 977 1297 1061 captivi.

345 1079 404 1142 <Ex
428 1079 626 1143 castellanis
659 1085 774 1143 autem
800 1080 893 1162 capti
923 1087 1005 1144 sunt
1035 1079 1162 1144 milites
1194 1079 1297 1161 quin-

347 1179 456 1243 decim
483 1185 518 1242 ot
548 1179 687 1261 plurimi
716 1179 919 1256 servientes,
946 1199 1034 1262 quos
1066 1178 1298 1243 Maresoallus

347 1279 384 1342 in
398 1278 546 1343 vinculis
561 1298 640 1343 cum
656 1279 753 1361 equis
769 1286 805 1344 et
822 1280 927 1343 armis
950 1299 991 1344 ac
1014 1279 1185 1343 manubiis
1207 1279 1299 1343 mul-

345 1378 394 1445 tis
417 1379 575 1443 abduxit.
621 1378 666 1443 In
685 1379 763 1443 loco
783 1379 920 1461 quidem
943 1380 1140 1444 certaminis
1162 1398 1297 1442 reman-

348 1479 395 1543 sit
410 1479 602 1543 occisorum
624 1479 822 1557 multitudo,
845 1486 917 1543 tam
939 1480 1168 1544 Wallensium
1191 1498 1297 1562 quam

346 1577 608 1643 Pictcvensium
632 1587 666 1644 et
683 1581 990 1645 transmarinarum
1019 1580 1219 1659 nationum3
1243 1586 1298 1644 at-

348 1699 415 1762 que
430 1679 653 1745 Baldewinus
674 1680 716 1744 do
733 1679 872 1764 Gysnes
889 1680 934 1745 ad
954 1680 1134 1745 castellum
1155 1699 1177 1743 a
1193 1680 1297 1744 sociis

347 1780 548 1863 perducitur
563 1782 716 1863 graviter
731 1781 945 1846 vulneratus
997 1779 1090 1846 Acta
1110 1787 1163 1844 est
1179 1787 1297 1844 autem

347 1880 422 1945 haec
452 1880 535 1945 belli
566 1881 764 1963 congressio
794 1874 842 1945 ¹in
873 1882 928 1946 die
956 1881 1068 1945 beatae
1097 1879 1297 1945 catharinae

346 1980 491 2063 virginis
507 1981 598 2065 apud
615 1981 794 2046 castellum
810 1987 1046 2046 memoratum.
1100 1980 1187 2045 Post
1203 1981 1296 2046 huno

347 2101 485 2165 quoque
501 2081 699 2147 conflictum
717 2099 831 2146 comes
848 2081 1088 2158 Marescallus,
1102 2101 1181 2145 cum
1199 2081 1297 2146 Giles

346 2183 443 2246 berto
460 2183 586 2246 Basset
605 2189 640 2245 et
655 2182 833 2247 Richardo
850 2182 974 2247 Siuard
995 2201 1035 2244 ac
1058 2181 1192 2246 caeteris
1207 2203 1295 2246 exu-

345 2281 427 2346 latis
453 2289 628 2347 eteorum
655 2281 910 2359 confoederatiS,
930 2281 1206 2360 Pictavensibus,
1235 2283 1296 2365 qui

345 2390 444 2449 erant
466 2384 503 2447 in
532 2383 655 2446 castris
683 2383 775 2464 rogis
805 2381 1010 2464 Anglorum,
1029 2382 1206 2446 lethiferas
1230 2403 1294 2465 po·

345 2490 488 2547 suerunt
515 2482 671 2559 insidias,
702 2483 754 2546 ita
780 2489 833 2562 ut,
863 2482 1134 2565 quotiescunque
1167 2482 1295 2566 aliquis

346 2601 464 2646 eorum
490 2581 534 2645 ad
562 2581 787 2666 praedandum
813 2583 936 2659 exivit,
960 2582 1046 2647 nihil
1073 2582 1166 2646 aliud
1189 2603 1295 2666 quam

345 2683 462 2763 capita
496 2682 712 2764 singulorum
746 2703 810 2766 pro
844 2683 1080 2765 redemptione
1107 2692 1296 2765 ceperunt;

345 2782 436 2846 undo
462 2783 609 2865 contigit
625 2783 662 2846 in
685 2783 794 2861 brevi,
814 2783 905 2865 quod
929 2791 1000 2848 tam
1026 2802 1208 2847 numerosa
1230 2804 1295 2848 ex·

344 2889 540 2947 traneorum
558 2882 744 2951 multitudo
764 2883 801 2948 in
824 2883 892 2948 viis
912 2891 947 2947 et
966 2883 1051 2948 locis
1077 2882 1222 2949 diversis
1241 2884 1296 2948 in-

344 2983 488 3048 terfecta
510 2984 657 3068 jaceret,
678 2983 770 3067 quod
795 3002 909 3047 aerem
927 2990 1038 3072 totum
1060 2993 1295 3077 corrumperet

343 3083 505 3166 regionis.

401 3260 452 3324 m
469 3257 655 3324 aemulatur
663 3258 838 3344 populu
854 3268 882 3324 a
895 3220 957 3325 ou
963 3259 1097 3346 ,metita
1110 3263 1229 3328 vomitu

715 3360 913 3426 Morescolli.

183 3495 326 3587 ssfffl'ffilffl,
395 3482 464 3546 Per
483 3484 572 3548 idem
596 3491 745 3567 tempus,
767 3504 845 3548 oum
868 3505 982 3548 comes
1005 3484 1234 3550 Marescallus
1257 3483 1295 3548 in

182 3559 311 3687 ffigffllm
344 3583 485 3647 abbatia
515 3584 559 3649 de
588 3584 741 3666 Murgan
769 3592 1000 3668 pernoctaret,
1024 3587 1119 3649 venit
1144 3585 1187 3648 ad
1214 3605 1296 3649 eum

278 3676 284 3688 '
343 3684 399 3747 die
416 3683 440 3747 J
442 3685 518 3749 ovis
535 3686 695 3766 proximo
716 3694 796 3750 ante
820 3685 949 3750 Natale
964 3685 1072 3749 frater
1088 3686 1227 3768 quidam
1250 3685 1294 3750 de

344 3783 462 3847 ordine
480 3784 669 3863 Minorum,
683 3784 855 3867 Agnellus
872 3786 1021 3864 nomine,
1038 3786 1098 3869 qui
1114 3785 1294 3850 familiaris

343 3889 419 3946 erat
435 3882 574 3950 domino
593 3885 669 3968 regi
691 3892 727 3950 et
743 3885 959 3950 consiliarius
981 3886 1103 3970 ipsius,
1120 3894 1161 3950 ut
1176 3894 1294 3950 osten·

342 3983 438 4047 deret
453 3984 485 4048 ei
502 4005 579 4068 quae
598 3987 756 4051 audierat
771 3987 808 4051 in
825 3987 921 4051 curia
937 3988 1028 4070 regis
1045 3985 1088 4052 de
1102 4006 1144 4051 eo
1158 3987 1202 4050 ab
1214 3987 1294 4069 ipso

374 4270 377 4274 Δ
445 4201 452 4234 ¹
463 4204 496 4256 lo
507 4202 548 4254 dic
560 4205 636 4255 deute
651 4205 793 4256 Cottun'noe
804 4205 933 4270 virginis]
950 4205 1010 4256 noth
1023 4207 1175 4258 November.
