2864 4866
422 402 563 450 rnosus
586 403 857 456 uisronrsauru.
1066 396 1110 460 23

160 558 253 623 nitus
275 560 460 639 enervatis,
482 561 630 644 cepisset
644 581 689 626 ex
711 563 762 627 eis
781 562 928 628 militum
953 565 1173 631 multitu-sn.
1186 585 1242 626 ιω.

159 659 272 723 dinem
294 680 511 726 numerosam
537 681 578 726 ac
597 663 744 727 vinculis
768 683 887 729 omnes
913 637 1223 748 mancipas-idid

160 766 226 835 set,
255 760 357 826 irruit
384 762 500 825 densis
538 763 733 844 agminibus
762 764 799 827 in
829 765 987 829 comitem
1020 765 1106 831 Per-

161 859 338 937 ticensem,
375 861 668 927 circumvallando
711 882 788 927 eum
826 864 1006 948 undique;
1045 868 1106 931 sed

161 959 310 1039 demum,
335 980 413 1026 cum
437 962 603 1043 impeturn
628 964 832 1027 irruentium
857 965 894 1028 in
922 984 999 1028 eum
1029 985 1104 1030 sus·

161 1059 272 1124 tinere
296 1081 366 1126 non
394 1063 521 1143 potuit,
547 1061 677 1127 hortati
705 1071 786 1127 sunt
807 1071 847 1128 ut
871 1083 909 1128 se
936 1065 1106 1144 redderet,

160 1168 333 1242 quatenus
353 1161 456 1225 vivus
477 1161 623 1226 evadere
642 1164 823 1245 potuisset.
875 1161 927 1228 At
946 1164 1005 1227 ille
1027 1184 1105 1231 cum

154 1258 353 1343 juramento
375 1259 570 1339 affirmavit,
591 1262 683 1345 quod
706 1283 744 1326 se
766 1282 835 1327 non
857 1264 1015 1329 redderet
1030 1262 1105 1329 An·

160 1360 240 1440 glis,
257 1361 316 1443 qui
337 1362 468 1444 proprii
483 1361 576 1444 regis
593 1362 785 1445 proditores
803 1362 963 1444 fuerunt3
987 1371 1034 1441 et,
1052 1363 1105 1428 bis

159 1459 300 1537 auditis,
333 1461 435 1525 irruit
467 1461 607 1545 quidam
640 1463 683 1526 ‘in
724 1483 803 1526 eum
841 1465 1105 1547 percutiensque

158 1558 314 1624 illumin
340 1561 441 1626 oculo
463 1562 640 1625 cerebrum
661 1562 861 1645 perforavit,
884 1571 919 1629 et
941 1583 1105 1628 corruens

157 1658 344 1724 interram
371 1655 529 1726 ¹verbum
555 1661 650 1727 ultra
676 1682 746 1727 non
768 1663 886 1728 edidit.
937 1663 1105 1729 Videntes

158 1758 276 1842 itaque
301 1760 496 1842 Galligenae
517 1761 708 1844 phalanges
735 1763 828 1844 quod
853 1762 965 1847 major
986 1782 1105 1827 eorum

160 1859 352 1939 cecidisset,
385 1861 537 1925 inierunt
569 1861 701 1944 fugam,
735 1869 807 1926 tam
838 1862 971 1944 pedites
1000 1882 1104 1945 quam

159 1960 304 2042 equites,
337 1960 404 2024 sibi
430 1961 532 2025 nimis
561 1960 786 2040 damnosam3
821 1980 901 2024 nam
928 1961 1105 2044 flagellum

158 2066 268 2141 portae
298 2060 473 2138 australis,
505 2081 567 2143 per
594 2080 699 2144 quarn
730 2060 904 2142 fugerunt,
936 2062 1028 2144 quod
1059 2082 1105 2126 ex

159 2167 357 2225 transverso
383 2160 476 2224 illins
497 2168 608 2244 portae
634 2161 747 2225 fuerat
769 2160 987 2237 fabricatum,
1013 2161 1104 2244 fugi·

158 2268 254 2323 entes
280 2280 350 2324 non
372 2261 589 2326 mediocriter
615 2261 819 2344 impedivit;
853 2263 991 2339 etenim,
1018 2281 1104 2344 quo-

158 2359 360 2443 tiescunque
383 2360 509 2444 aliquis
533 2361 722 2426 adveniens
744 2361 840 2424 exire
862 2360 984 2438 voluit,
1004 2380 1104 2443 opor-

157 2460 254 2524 tebat
274 2480 351 2524 eum
381 2462 425 2523 ab
456 2480 544 2543 equo
573 2461 778 2525 descendere
807 2467 842 2525 et
863 2467 999 2543 portam
1023 2480 1104 2544 ape·

71 2581 75 2589 ·
157 2558 233 2635 rire,
253 2580 322 2643 quo
348 2557 509 2636 exeunte,
530 2567 633 2642 porta
655 2561 768 2624 denuo
791 2560 1016 2624 claudebatur
1039 2560 1102 2624 fla·

158 2659 249 2742 gello
284 2667 326 2723 ut
360 2659 457 2742 prius
493 2661 608 2743 posito
649 2680 695 2724 ex
734 2667 944 2738 transverso,
984 2660 1103 2742 sicque

157 2766 259 2842 porta
283 2758 346 2823 illa
367 2758 579 2841 fugientibus
603 2760 705 2825 nimis
733 2759 879 2824 molesta
900 2758 976 2824 fuit.
1042 2759 1103 2823 In·

157 2859 268 2923 secuti
289 2866 372 2940 sunt
392 2866 508 2924 autem
529 2859 701 2942 fugientes
722 2861 870 2924 barones
892 2866 928 2923 et
949 2860 1103 2924 Francos

156 2959 283 3023 milites
303 2959 417 3041 regis;
441 2959 514 3037 sed,
535 2959 617 3025 licet
633 2960 749 3043 plures
768 2960 805 3023 in
827 2959 990 3042 fugiendo
1009 2960 1103 3041 capti

157 3058 315 3136 fuissent,
348 3060 428 3124 ficte
462 3067 578 3124 tamen
613 3060 762 3124 insecuti
793 3068 873 3123 sunt
901 3078 973 3136 eos,
1008 3059 1102 3140 quia,

155 3158 225 3221 nisi
247 3177 435 3224 consensus
460 3159 772 3242 consanguinitatis
799 3166 834 3223 et
859 3157 973 3222 carnis
997 3158 1104 3221 inter·

158 3259 323 3336 venisset,
353 3279 418 3324 nec
446 3279 508 3342 pes
538 3279 628 3330 unus
659 3279 704 3323 ex
733 3259 892 3323 omnibus
922 3256 1102 3322 evasisset.

157 3357 238 3435 Sed,
266 3378 310 3422 ne
337 3376 529 3426 sermonem
555 3359 703 3424 inaniter
731 3357 861 3422 diutius
891 3355 1103 3440 protraham,

156 3458 250 3541 capti
271 3465 353 3523 sunt
369 3479 414 3524 ex
430 3460 617 3525 baronibus
639 3459 830 3542 capitaneis
847 3457 973 3522 Saerus
989 3475 1103 3533 comes

155 3558 420 3636 Wintoniensis,
452 3558 628 3624 Henricus
657 3559 700 3623 de
726 3557 854 3622 Buhun
884 3576 999 3623 comes
1028 3555 1103 3621 He-

153 3657 323 3736 resordiae,
347 3678 461 3724 comes
488 3657 687 3724 Gilebertus
709 3658 752 3723 de
780 3657 888 3736 Gant,
911 3676 1012 3740 quem
1038 3675 1103 3719 nu·

154 3778 216 3841 per
238 3757 444 3824 Lodowicus
465 3759 595 3824 fecerat
613 3760 772 3823 comitem
802 3757 1102 3835 Lincolniensem;

155 3878 269 3924 comes
313 3858 524 3923 Porticensis
562 3859 610 3922 ibi
649 3859 815 3922 remansit
850 3859 887 3921 in
926 3863 1101 3921 aeternnm.

192 4065 322 4118 ¹Verbam
349 4069 416 4117 ultra
437 4083 484 4117 noa
508 4068 619 4132 estoit]
644 4083 706 4130 year
723 4069 752 4117 of
768 4068 809 4117 his
828 4081 890 4130 age3
914 4080 941 4128 p.
960 4067 1016 4115 111.
1051 4063 1106 4112 Tha

157 4137 303 4201 According
320 4143 347 4188 to
364 4138 445 4202 Brito,
461 4139 493 4188 he
510 4139 562 4189 had
578 4144 621 4188 not
645 4139 781 4200 Waverley
804 4137 902 4186 Annals
930 4149 976 4198 say
998 4134 1053 4183 that
1074 4132 1106 4181 he

155 4207 215 4258 then
224 4207 413 4271 completedthe
420 4208 621 4270 twenty-second
645 4223 699 4258 was
711 4213 754 4257 not
765 4212 808 4269 yet
819 4208 904 4268 thirty.
