2864 4866
338 388 403 452 170
588 405 723 453 noonar
747 405 795 452 on
818 405 1026 453 wnuoovua

175 579 299 620 uonna.
339 583 409 628 non
432 563 704 647 praemeditatos,
729 569 776 639 et,
798 562 892 628 sacto
915 561 995 626 hinc
1021 560 1102 625 inde
1127 561 1291 626 conflictu

339 664 557 746 gravissimo,
579 664 674 747 capti
701 670 782 726 sunt
804 682 850 726 ex
869 662 1013 726 Francis
1038 662 1164 726 milites
1189 662 1290 745 quin-

338 765 435 846 genti
452 764 605 828 etmulti
622 763 807 828 interfecti.
861 761 967 845 Capti
983 770 1065 826 sunt
1082 771 1197 826 autem
1214 781 1287 826 ser-

338 865 471 928 vientes
504 862 629 928 armati
655 863 698 928 ad
726 863 795 927 duo
823 863 933 928 millia
958 862 1178 940 bellatorum,
1201 882 1290 945 quos

338 983 456 1027 omnes
479 962 523 1027 ad
550 964 677 1027 nudam
703 982 842 1027 carnem
866 963 1047 1045 spoliatos,
1073 962 1290 1044 quorundam

338 1082 456 1128 eorum
483 1063 564 1127 fecit
598 1082 712 1128 comes
740 1063 859 1127 oculos
883 1063 969 1140 erui,
999 1081 1100 1127 aures
1123 1070 1159 1127 et
1188 1082 1290 1126 nares

337 1163 491 1247 praecidi,
507 1182 631 1226 manus
648 1182 689 1226 ac
709 1162 815 1247 pedes
834 1162 981 1227 aliorum
1000 1164 1165 1240 truncari,
1188 1170 1223 1226 et
1239 1163 1290 1226 sic

338 1264 486 1346 turpiter
511 1264 689 1327 mutilatos
712 1263 755 1326 ad
776 1263 916 1346 propria
938 1263 1117 1327 remittens
1138 1262 1290 1327 deforme

337 1363 574 1446 spectaculum
582 1362 808 1444 Francigenis
818 1363 1038 1427 exstiterunt.
1061 1362 1193 1427 Milites
1205 1382 1289 1445 quo-

338 1483 405 1546 que
421 1463 577 1545 captivos
600 1482 731 1541 omnes
754 1462 906 1527 collectis
925 1463 1020 1544 prius
1036 1463 1208 1526 manubiis
1232 1483 1288 1527 ec·

338 1564 494 1641 rundem,
517 1583 631 1628 eomes
653 1564 766 1628 victor
788 1563 852 1627 sub
881 1563 1022 1627 arctiori
1049 1562 1208 1627 custodia
1230 1564 1289 1626 de-

336 1665 485 1746 putavit.
536 1662 665 1728 Actum
693 1671 809 1727 autem
834 1670 888 1727 est
917 1663 1044 1726 bellum
1067 1663 1133 1727 hoc
1155 1664 1288 1727 decimo

337 1764 459 1847 quinto
477 1764 640 1828 calendas
663 1763 686 1826 J
690 1765 761 1827 unii
784 1763 875 1846 apud
896 1770 1048 1827 castrum
1065 1761 1288 1828 saracenum.

337 1863 394 1941 Et,
409 1873 448 1928 ut
467 1865 616 1929 breviter
630 1864 777 1941 dicatur,
794 1870 848 1928 ter
864 1864 901 1926 in
917 1863 979 1927 illa
998 1870 1122 1928 aestate
1144 1863 1287 1947 expedi-

336 1965 487 2028 tionibus
503 1964 671 2047 repetitis,
689 1957 835 2028 ¹Franci
851 1963 963 2046 fugati
975 1966 1029 2028 vel
1044 1965 1137 2048 capti
1153 1971 1288 2028 suntet

336 2065 539 2129 incarcerati
557 2084 578 2129 a
594 2065 719 2129 comite
736 2084 829 2148 saepe
846 2064 952 2128 dioto.

395 2239 445 2304 De
460 2237 543 2304 obitu
560 2237 725 2324 Stephani,
743 2236 978 2301 Oootucrieosis
994 2236 1226 2322 archipiscopi.

175 2384 324 2444 uenenum
387 2364 518 2429 Eodem
546 2384 637 2429 anno
658 2364 865 2447 Stephanus,
891 2363 1153 2429 Cantuariensis
1175 2364 1288 2429 archi-

174 2435 533 2547 tillidillepiscopus,
547 2465 640 2548 apud
657 2466 855 2530 Slindonam
878 2464 1068 2529 manerium
1091 2484 1191 2528 suum
1206 2484 1286 2546 sep·

337 2564 422 2628 timo
441 2565 519 2627 idus
537 2565 560 2628 J
564 2565 625 2628 ulii
646 2566 737 2629 diem
760 2566 886 2629 clausit
907 2573 1112 2642 extremum,
1135 2572 1171 2628 et
1193 2563 1286 2628 Can·

338 2665 461 2728 tuariae
476 2665 632 2747 sepultus
650 2667 704 2729 est
720 2665 831 2748 pridie
853 2684 962 2729 nonas
986 2665 1151 2748 ejusdem.
1206 2663 1286 2742 Quo

337 2764 486 2845 sepulto,
501 2765 660 2829 monachi
674 2765 955 2842 cantuarienses,
972 2766 1159 2847 impetrata
1172 2783 1193 2828 a
1205 2784 1286 2847 rege

337 2863 488 2941 licentia,
504 2865 681 2946 elegerunt
698 2865 903 2929 monachum
923 2865 965 2928 de
985 2866 1116 2946 gremio
1132 2866 1287 2929 ecclesiae

337 2982 422 3040 suae,
437 2966 640 3046 magistrum
656 2965 851 3029 Walterum
874 2966 916 3028 de
935 2964 1162 3042 Heinesham,
1183 2965 1287 3029 tertio

337 3084 448 3128 nonas
468 3063 642 3146 Augusti;
666 3085 767 3147 quem
795 3085 873 3130 cum
898 3065 1057 3130 monachi
1081 3073 1288 3147 praesentas-

337 3171 416 3228 sent
456 3166 541 3247 regi,
579 3167 654 3248 ipse
686 3172 766 3247 post
800 3164 970 3230 diutinam
1006 3165 1287 3230 deliberationem

337 3265 482 3328 eundem
507 3266 654 3329 electum
686 3266 789 3329 certis
815 3265 1068 3348 objectionibus
1100 3266 1286 3330 recusavit.

338 3363 457 3429 Primo
473 3365 610 3448 quidem
626 3365 711 3448 ipsis
723 3365 850 3449 objecit
865 3365 1055 3442 monacbis,
1070 3365 1162 3448 quod
1182 3365 1287 3429 talem

337 3464 515 3546 elegerunt
526 3466 587 3548 qui
604 3466 669 3529 sibi
685 3465 817 3529 inutilis
833 3471 910 3528 erat
924 3471 960 3529 et
975 3485 1082 3547 regno
1095 3483 1105 3543 3
1123 3464 1287 3542 secundo,

338 3564 430 3646 quod
454 3572 553 3646 pater
574 3565 730 3648 ejusdem
752 3565 795 3628 de
818 3564 910 3629 furto
930 3565 1109 3630 convictus
1131 3565 1287 3647 patibulo

374 3760 481 3815 'Franci
490 3765 578 3828 fugati
594 3767 632 3815 vel
642 3766 797 3830 septima]
824 3767 865 3815 the
873 3765 944 3828 king,
955 3766 998 3815 the
1006 3771 1082 3815 count
1092 3765 1142 3815 lost
1152 3765 1240 3828 nearly
1251 3766 1288 3815 all

336 3833 390 3884 The
401 3849 532 3885 successes
540 3836 569 3885 oi
577 3837 719 3899 Raymond‚
729 3837 797 3887 how·
823 3836 1289 3898 bisterritories,andremainedapri·

336 3919 404 3968 ever,
419 3921 516 3969 appear
526 3911 551 3956 to
562 3908 626 3957 have
641 3909 704 3957 been
715 3909 762 3956 but
772 3907 801 3955 oi
823 3921 896 3956 soner
916 3908 943 3956 in
958 3906 1000 3956 the
1019 3906 1119 3955 Lourre
1136 3907 1229 3968 during
1247 3907 1287 3954 six

336 3976 406 4026 short
422 3978 549 4027 duration.
584 3977 626 4026 On
643 3978 685 4027 the
701 3977 801 4027 12th0t
822 3976 989 4038 weeks‚uutil
996 3976 1037 4026 the
1045 3977 1115 4026 three
1123 3977 1287 4038 preliminary

335 4046 410 4108 April
431 4048 458 4095 in
479 4046 522 4096 the
545 4047 675 4110 following
697 4062 759 4109 year
780 4063 796 4096 a
821 4049 923 4096 articles
942 4047 972 4096 ot
988 4047 1031 4096 the
1051 4052 1134 4110 treaty
1153 4047 1204 4096 had
1221 4048 1285 4096 been

335 4130 474 4176 peacewae
485 4117 626 4167 concluded
637 4118 699 4166 with
707 4118 795 4180 Louis‚
822 4118 955 4168 executed.

332 4185 366 4247 by
378 4186 471 4251 which,
483 4188 597 4238 between
608 4188 650 4237 the
665 4204 730 4251 pope
743 4189 794 4239 and
