2864 4866
329 397 395 462 220
586 413 719 460 uocum
744 413 791 459 nn
816 413 1023 461 wnuoovnn

169 586 292 628 Δ01231·
332 583 496 640 vacantes
527 575 703 639 custodias
726 573 889 637 comitum
917 581 952 636 et
969 573 1136 636 baronum
1160 579 1195 636 et
1217 593 1275 635 eo-

330 676 474 739 rundem
505 675 678 739 haeredum
704 675 747 737 ad
778 693 876 737 suam
903 691 1065 737 coronam
1101 673 1276 754 usquead

331 783 470 840 aetatem
503 776 692 857 legitimam
726 775 907 856 pertinere,
940 773 1030 836 unde
1070 772 1135 835 sibi
1174 773 1277 836 licere

330 875 511 958 proposuit
538 875 626 938 tales
659 874 834 938 custodias
868 874 923 935 cui
952 872 1101 937 voluerit
1127 873 1276 935 vendere

330 976 386 1039 vel
419 974 586 1039 conferre.
637 973 928 1055 Archiepisoopus
954 993 1048 1049 vero,
1080 991 1158 1035 oum
1184 972 1277 1034 aliud

331 1094 533 1158 responsum
562 1074 688 1137 habere
716 1093 784 1139 non
816 1073 941 1155 potuit,
965 1072 1279 1137 excommunicavit

331 1194 449 1238 omnes
478 1175 656 1239 invasores
682 1173 939 1256 possessionum
965 1172 1220 1254 praedictarum,
1243 1178 1278 1236 et

331 1294 461 1351 omnes,
479 1282 606 1358 praeter
623 1294 750 1356 regem,
768 1274 826 1355 qui
844 1292 921 1336 cum
940 1271 989 1336 eis
1006 1271 1279 1335 communionem

332 1374 508 1452 haberent,
537 1381 659 1438 ettam
683 1393 746 1456 pro
775 1373 828 1435 his
854 1391 958 1454 quam
980 1364 1075 1434 ¹aliis
1100 1371 1278 1435 decausis

333 1474 482 1537 Romam
504 1474 678 1557 profectus
691 1474 867 1556 jussuum
886 1479 920 1535 et
938 1471 1093 1534 ecclesiae
1111 1489 1183 1534 suae
1200 1491 1280 1552 pro-

332 1575 430 1656 sequi
458 1574 656 1637 maturavit.
709 1571 789 1636 Rex
812 1591 893 1636 vero
917 1577 1091 1647 econtra,
1118 1564 1175 1633 ²ut
1197 1590 1280 1633 cau·

331 1692 406 1736 sam
437 1692 534 1735 suam
561 1678 836 1754 prosequeretur,
867 1671 1071 1752 magistrum
1101 1670 1278 1751 Rogerum

332 1769 374 1836 de
393 1771 539 1836 Cantelo
556 1771 705 1835 Romam
724 1790 800 1834 cum
825 1769 902 1833 aliis
919 1769 1125 1852 quibusdam
1148 1771 1278 1833 nuntiis

334 1872 530 1937 destinavit.
584 1871 714 1934 Eodem
740 1877 904 1952 tempore,
928 1889 1044 1934 mense
1067 1867 1192 1951 Aprili,
1216 1890 1278 1933 ex-

332 1972 427 2054 pleta
449 1971 655 2035 solennitate
679 1969 854 2046 Paschali,
880 1969 1075 2033 Richardus
1096 1969 1204 2032 frater
1226 1991 1280 2034 re-

332 2072 387 2154 gis
415 2071 639 2154 desponsavit
657 2070 867 2133 comitissam
889 2069 1100 2146 Gloverniae‚
1126 2088 1279 2134 sororem

334 2172 465 2236 scilicet
480 2170 643 2235 Willelmi
661 2168 872 2246 Maresoalli,
891 2170 1025 2233 comitis
1042 2169 1085 2232 de
1103 2169 1277 2250 Penbroe;

334 2278 380 2349 et,
396 2271 526 2355 nuptiis
544 2272 605 2335 vix
625 2270 816 2352 completis
832 2270 922 2332 idem
940 2288 1055 2333 comes
1068 2269 1278 2347 WillelmuS,

333 2372 369 2434 in
402 2371 526 2434 militia
556 2371 608 2436 vir
640 2376 812 2445 strenuus
842 2370 878 2431 in
913 2368 1065 2433 dolorem
1092 2370 1278 2433 multorum

333 2470 423 2534 diem
446 2470 571 2535 clausit
594 2489 799 2551 supremum,
824 2475 859 2532 et
882 2468 1070 2533 Londoniis
1090 2470 1182 2551 apud
1206 2469 1278 2533 No-

333 2590 414 2634 vum
432 2569 615 2652 Templum
637 2563 809 2650 ³sepultus
832 2576 886 2632 est
895 2569 1002 2653 juxta
1023 2576 1158 2652 patrem
1177 2589 1278 2633 suum

333 2669 465 2734 decimo
486 2670 631 2751 septimo
657 2666 824 2733 kalendas
841 2670 940 2733 Maii.

379 2843 469 2919 Quod
481 2842 627 2909 Boulibas
643 2845 677 2908 lu
694 2844 814 2911 Wullio
834 2845 1001 2911 crudeliter
1013 2847 1118 2911 seruire
1135 2849 1234 2934 capu.

169 2961 319 3053 sslllgffilffl
382 2970 513 3034 Eodem
537 2990 652 3035 mense
670 2971 767 3035 Maio
784 2971 980 3036 Wallenses
1002 2973 1044 3036 de
1059 2968 1224 3052 latibulis,
1240 2983 1279 3039 ut

333 3071 461 3135 sorices
486 3091 504 3134 e
523 3073 693 3148 cavernis,
716 3079 934 3155 erumpentes
957 3080 1095 3150 terram,
1116 3094 1194 3156 quae
1213 3074 1278 3139 fuit

333 3169 498 3234 Willolmi
513 3171 556 3234 de
572 3171 733 3248 Brausia,
749 3171 896 3234 flammis
913 3172 1183 3237 discurrentibus
1199 3194 1278 3238 vas-

331 3276 495 3334 taverunt
510 3290 518 3350 ;
544 3271 617 3347 sed,
634 3291 715 3353 rege
732 3270 926 3354 Anglorum
943 3273 1003 3336 illo
1020 3273 1182 3336 tendente
1200 3293 1278 3339 oum

366 3474 486 3528 ¹Ab'irde
494 3480 595 3543 cauum]
608 3480 650 3528 He
658 3480 792 3530 hadasuit
816 3481 981 3544 archbishops
998 3482 1048 3531 and
1060 3483 1163 3545 biohops
1174 3483 1203 3532 of
1211 3485 1280 3545 Eng·

330 3548 384 3597 also
400 3550 500 3610 against
510 3550 553 3598 the
570 3551 646 3599 abbot
656 3551 685 3598 os
698 3551 725 3599 S.
737 3551 791 3600 Au·
816 3552 885 3613 land,
896 3552 946 3600 ‘de
963 3567 1012 3601 oon
1029 3555 1278 3615 excommunicando,

331 3614 461 3678 gustine's,
471 3620 530 3668 who
544 3619 645 3668 refused
657 3624 682 3668 to
693 3621 791 3669 receive
816 3622 870 3670 uine
878 3636 957 3670 causa
965 3621 1108 3683 manifesta,
1111 3624 1278 3685 justiciarius,

330 3690 500 3737 consecration
509 3689 582 3738 athis
591 3690 684 3751 hands;
697 3689 791 3740 chron.
815 3692 974 3741 vicecomites
991 3697 1016 3741 et
1032 3693 1139 3741 ballivos
1156 3688 1240 3755 regis,’
1258 3695 1276 3742 i.

330 3757 425 3806 Dunst.
437 3773 463 3818 p.
475 3761 533 3807 203.
815 3776 841 3822 p.
854 3765 911 3810 200.

366 3823 423 3874 ²Ut
439 3842 535 3875 courum
555 3842 623 3876 suum
638 3842 790 3891 prosequere·
850 3828 1003 3894 ³Sepultuo.]
1016 3831 1066 3880 His
1074 3832 1178 3894 epitaph
1187 3833 1209 3880 is
1217 3832 1277 3880 thus

331 3889 394 3963 tua]
412 3897 438 3945 lt
455 3897 541 3945 would
564 3911 659 3960 appear
676 3897 731 3947 that
747 3899 790 3948 the
814 3901 934 3949 recorded
946 3902 972 3949 in
983 3901 1025 3950 the
1034 3902 1126 3951 Annal.
1135 3903 1264 3951 waverl:

330 3965 401 4026 king,
422 3970 448 4015 to
467 3981 483 4014 a
505 3967 599 4016 certain
621 3972 716 4030 extent,
734 3983 790 4018 was
814 3970 924 4018 ‘Militis
936 3971 1010 4020 istius
1027 3977 1130 4021 mortem
1143 3973 1213 4022 dolet
1224 3973 1278 4020 An-

330 4035 471 4084 successful
483 4037 508 4084 in
520 4036 559 4086 his
577 4038 638 4100 suit,
649 4037 687 4086 for
698 4038 725 4086 in
736 4040 790 4100 Ry·
886 4041 953 4102 glia;
972 4041 1038 4089 ridet

329 4119 383 4153 mer
399 4105 441 4154 the
460 4106 549 4155 render
565 4122 622 4168 may
635 4107 685 4156 find
703 4123 719 4156 a
735 4109 790 4157 bull
831 4110 925 4158 Wollia
939 4111 1046 4160 viventis
1062 4111 1130 4160 bella
1147 4112 1277 4173 minasque

329 4174 358 4222 os
383 4175 508 4241 Gregory,
535 4177 674 4228 addressed
697 4182 722 4228 to
746 4179 788 4227 the
883 4176 990 4231 timens?
