2864 4866
436 411 575 460 necans
598 411 869 461 nrsrournauu.
1061 399 1126 464 185

178 569 391 634 venerabiles
403 569 528 634 fratres
540 578 677 635 nostros
687 562 696 599 ¹
707 568 978 634 Goventrensem
994 577 1030 633 et
1040 569 1124 635 Rof-
1136 588 1192 628 ao.
1204 589 1260 628 ure

181 669 310 733 fensem
340 671 532 752 episcopos,
563 678 599 734 et
621 670 784 734 dilectum
815 669 922 732 filium
955 669 1124 734 archidia-

180 789 303 833 conum
330 768 559 847 Bedefordlae,
586 771 623 832 in
651 769 828 833 audientia
854 776 975 833 nostra
997 790 1124 853 propo-

179 869 268 946 sitis,
300 870 592 934 examinationem
622 869 715 933 circa
749 869 850 933 electi
881 869 1124 951 praenominati

179 987 361 1050 personam
378 968 631 1035 venerabilibus
648 968 813 1032 fratribus
837 969 965 1033 nostris
984 969 1124 1034 domino

179 1065 382 1145 Albanensi,
408 1070 577 1151 magistro
598 1066 743 1132 Thomae
768 1068 812 1132 de
837 1074 960 1133 sancta
983 1068 1123 1147 Sabina,

180 1174 214 1230 et
237 1169 405 1250 magistro
437 1168 479 1231 Ρ.
503 1168 749 1245 cardinalibus,
780 1169 1012 1232 commisimus
1039 1168 1125 1232 faci-

178 1267 313 1332 endam.
366 1266 522 1349 Cumque
539 1266 669 1332 electus
689 1287 805 1332 coram
827 1267 896 1330 illis
913 1268 1122 1331 constitutus

179 1368 364 1448 requisitus
387 1374 479 1432 esset
494 1367 537 1431 de
560 1368 727 1431 descensu
750 1367 892 1431 Domini
914 1366 958 1429 ad
983 1366 1123 1445 inferos,

179 1474 292 1531 utrum
310 1467 346 1530 in
364 1486 479 1543 carne,
494 1467 550 1532 vel
570 1468 644 1531 sine
658 1486 773 1544 carne,
792 1466 1018 1542 descenderit,
1035 1468 1124 1531 male

179 1567 367 1649 respondit.
419 1566 510 1630 Item
526 1566 569 1630 de
591 1566 805 1631 confectione
823 1567 976 1648 corporis
994 1564 1125 1630 Christi
1162 1604 1164 1609 -

179 1666 216 1728 in
243 1666 347 1729 altari
371 1667 462 1730 male
494 1666 684 1748 respondit.
748 1666 838 1730 Item
867 1665 1053 1748 requisitus
1081 1665 1124 1730 de

180 1764 345 1843 Rachele,
366 1766 515 1849 qualiter
538 1766 697 1847 plorabat
717 1765 808 1829 filios
831 1784 925 1843 suos,
948 1766 1125 1847 respondit

179 1865 268 1928 male
291 1864 402 1929 ‘Cum
417 1866 527 1947 primo
550 1871 643 1929 esset
656 1865 816 1930 mortua!
868 1864 958 1929 Item
980 1865 1125 1947 requisi·

178 1970 235 2028 tus
255 1964 298 2028 de
319 1966 492 2029 sententie
510 1964 876 2029 excommunicationis
898 1972 1019 2027 contra
1032 1964 1123 2048 juris

178 2065 331 2128 ordinem
354 2065 439 2141 lata,
462 2065 553 2128 male
580 2063 771 2146 respondit.
824 2062 913 2126 Item
937 2063 1124 2145 requisitus

178 2162 220 2227 de
250 2164 481 2242 matrimonio,
507 2164 537 2227 si
559 2163 648 2228 alter
673 2161 949 2227 contrahentium
974 2163 1123 2228 inlidehs

178 2262 375 2341 decesserit,
397 2263 488 2327 male
513 2263 701 2345 respondit.
753 2261 864 2345 Super
886 2262 941 2326 his
966 2263 1123 2327 omnihus

179 2363 333 2427 articulis
360 2363 543 2444 diligenter
571 2363 790 2426 examinatus
818 2368 872 2426 est
895 2381 917 2425 a
943 2362 1125 2427 cardinali-

178 2462 255 2539 bus,
279 2483 380 2545 quem
407 2482 477 2526 uon
507 2462 619 2526 solum
646 2461 791 2525 dicimus
820 2463 933 2525 minus
956 2462 1043 2526 bene
1069 2483 1124 2526 re-

179 2562 369 2643 spondisse,
393 2562 453 2626 sed
477 2562 636 2643 pessime.
690 2560 778 2625 Cum
801 2561 909 2642 igitur
930 2562 1055 2625 nobilis
1077 2563 1125 2626 sit

178 2660 324 2725 ecclesia
340 2661 602 2726 Cantuariensis
622 2666 657 2724 et
673 2662 820 2725 nobilem
841 2660 1019 2724 habuisset
1036 2681 1125 2744 prae-

177 2760 299 2838 latum,
317 2763 427 2826 virum
450 2761 648 2838 discretum,
666 2760 859 2825 modestum
879 2759 973 2823 etde
994 2761 1125 2842 gremio

180 2860 348 2924 Romanae
361 2861 516 2925 ecelesiae
528 2867 744 2942 assumptum
757 2881 766 2940 ;
790 2867 826 2923 et
838 2860 904 2923 iste
919 2859 1021 2923 modo
1035 2860 1124 2924 elec-

178 2967 246 3038 tuS,
273 2980 374 3042 quem
406 2979 475 3023 non
502 2960 614 3024 solum
639 2960 902 3041 pronuntiamus
930 2958 1123 3040 iudIgnum,

177 3059 258 3137 imo,
276 3061 306 3122 si
321 3059 363 3123 de
375 3061 489 3142 rigore
501 3059 591 3143 juris
608 3059 881 3140 procederemus,
899 3058 992 3122 aliud
1009 3058 1124 3123 dicere

177 3178 389 3241 cogeremur,
414 3159 466 3223 ita
487 3156 696 3222 insufficiens
719 3149 784 3234 est,
808 3157 900 3239 quod
925 3158 969 3221 ad
988 3165 1122 3221 tantum

176 3258 342 3323 honorem
360 3279 430 3322 non
454 3258 557 3323 dehet
581 3258 732 3338 assumi3
756 3257 955 3320 electionem
982 3257 1024 3320 de
1046 3258 1123 3340 ipso

176 3357 305 3423 factam
321 3359 461 3423 omnino
478 3376 667 3435 cassamus
685 3356 917 3440 provisionem
939 3357 1039 3420 nohis
1055 3357 1124 3421 dic-

177 3464 222 3521 tae
242 3459 396 3522 ecclesiae
419 3457 659 3523 reservantes)

174 3629 224 3693 Da
231 3631 423 3716 promotione
438 3631 606 3709 dictandi,
625 3629 861 3695 Cantaurianos
876 3627 1112 3714 archipiscopa'ss

227 3750 376 3816 Cassata
399 3771 484 3816 sane
507 3753 543 3816 in
568 3753 660 3817 hunc
685 3753 822 3816 modum
847 3753 1014 3817 electione
1036 3772 1124 3834 prae·
1137 3775 1238 3822 aranea,

1135 3825 1255 3866 chancellor
1263 3825 1287 3864 ol

175 3850 261 3928 fata,
283 3859 525 3933 procuratores
548 3853 640 3933 regis
664 3849 804 3933 Angliae
829 3861 865 3917 et
884 3853 1123 3936 episcoporum
1136 3877 1231 3924 annu,

176 3949 438 4015 Cantuariensis
476 3951 630 4015 ecclesiae
666 3951 974 4033 suffraganeorum,
1006 3927 1223 4014 literas⁰¹⁶⁰²⁰⁶·

176 4198 181 4209 ι
209 4118 417 4246 ι”ὒοὲθπενθηκνη
432 4134 457 4178 et
469 4129 607 4194 ltoffernem
624 4131 752 4194 episcopos,
763 4135 788 4180 et
799 4127 1023 4194 dilectnmflliumfl
1044 4133 1122 4178 want.

174 4212 255 4258 mgm
291 4233 298 4248 .
