2864 4866
380 407 518 456 ruonrs
542 408 811 460 rrrsronrlnuu.
1007 399 1072 463 115

121 569 225 655 hujus
248 577 284 636 et
305 568 456 633 infamiae
484 569 645 634 Romana
666 580 854 653 paupertas
876 590 983 635 causa
1007 581 1071 650 est,
1085 587 1139 627 an·
1151 589 1206 628 12²⁶.

122 671 248 735 dehent
264 690 383 734 omnes
405 670 524 735 matris
541 672 694 754 inopiam
714 672 894 737 sublevare
912 680 947 738 et
963 675 1072 755 patris

122 779 161 836 nt
175 771 237 834 filii
262 771 458 850 naturales3
483 772 577 854 quia,
597 773 663 835 nisi
680 792 701 836 a
717 774 816 836 vohis
836 780 870 837 et
892 773 970 836 aliis
986 775 1070 838 viris

119 873 219 937 bonis
252 879 287 936 et
315 870 469 935 honestis
498 872 590 935 dona
618 873 857 955 reciperemus
886 873 1070 938 deficerent

119 973 220 1037 nohis
236 972 430 1036 necessaria
447 972 541 1049 vitae,
558 972 650 1055 quod
674 981 765 1038 esset
780 975 919 1038 omnino
937 974 1068 1039 Roma·

120 1094 174 1138 nae
190 1075 418 1155 incongruum
433 1072 608 1154 dignitati.
656 1071 711 1137 Ad
727 1074 819 1137 istud
835 1074 953 1156 itaque
971 1094 1067 1139 scan-

120 1174 235 1239 dalum
263 1173 400 1255 penitus
426 1172 680 1251 eradicandum,
707 1194 768 1256 per
791 1174 971 1238 consilium
998 1174 1089 1240 fra·‘

119 1283 211 1340 trum
228 1280 437 1350 nostrorum,
451 1280 581 1337 sanctae
601 1273 769 1337 Romanae
786 1275 940 1339 ecclesiae
957 1277 1068 1339 cardi·

119 1377 261 1453 nalium,
279 1373 450 1458 quandam
469 1374 680 1456 providimus
700 1374 857 1451 formam,
881 1376 937 1438 cui
956 1377 985 1440 si
1007 1397 1068 1441 vo-

118 1476 251 1543 lueritis
276 1476 482 1551 consentire,
506 1493 528 1537 a
553 1473 718 1539 scandalo
746 1483 891 1539 matrem
916 1485 1066 1541 vestram

118 1577 277 1662 poteritis
306 1575 452 1640 liberare
477 1581 512 1639 et
534 1575 570 1638 in
593 1576 689 1639 curia
716 1575 876 1639 Romana
903 1578 976 1641 sine
1005 1578 1067 1641 do-

117 1698 239 1743 norum
267 1677 432 1758 obsequio
455 1675 701 1740 exhibitionem
728 1677 876 1760 justitiae
898 1679 1065 1743 obtinere.

119 1780 247 1844 Forma
263 1784 377 1842 autem
396 1777 536 1859 provisa
558 1777 631 1839 haec
655 1783 733 1856 est3
761 1776 917 1840 Petimus
938 1779 974 1841 in
994 1780 1064 1860 pri·

118 1880 183 1944 mis
222 1879 266 1942 ab
303 1878 462 1942 omnibus
497 1875 652 1940 ecclesiis
688 1877 943 1941 cathedralibus
977 1879 1064 1943 duas

117 1980 217 2046 nohis
253 1978 457 2062 praebendas
490 1976 656 2054 exhiheri,
690 1996 792 2040 unam
827 1977 869 2040 de
906 1980 1065 2061 portione

118 2080 270 2165 episcopi
292 2087 328 2142 et
346 2078 490 2143 alteram
515 2076 558 2142 de
582 2077 759 2160 capitulo;
790 2085 825 2141 et
848 2077 1005 2142 similiter
1028 2080 1064 2142 in

117 2181 296 2255 coenobiis,
319 2180 377 2243 ubi
400 2179 544 2243 diversae
568 2184 650 2241 sunt
670 2178 847 2261 portiones
869 2179 1005 2243 abbatis
1028 2187 1064 2244 et

118 2288 334 2360 conventus3
363 2298 385 2343 a
407 2279 634 2373 conveptibus
658 2285 827 2360 quantum
852 2279 1001 2361 pertinet
1019 2281 1063 2343 ad

117 2402 225 2448 unum
247 2380 464 2456 monachum,
485 2379 611 2461 aequali
633 2378 726 2444 facta
746 2379 986 2444 distributione
1003 2381 1064 2444 bo·

115 2503 236 2549 norum
253 2500 405 2558 suorum,
420 2486 456 2543 et
472 2479 516 2543 ab
531 2480 657 2543 abbate
672 2480 897 2544 tantundem?

168 2583 250 2649 Hiis
273 2583 310 2645 in
333 2581 424 2644 hunc
446 2578 583 2643 modum
609 2581 806 2662 propositis,
829 2582 1001 2663 persuasit
1018 2601 1063 2645 ex
1076 2595 1207 2686 &grenog-

116 2690 215 2769 parte
238 2682 368 2746 domini
392 2699 494 2764 papae
521 2680 688 2762 magister
711 2680 804 2744 Otho
827 2688 867 2745 ut
890 2683 1063 2746 consenti·
1129 2657 1177 2695 Μ
1206 2674 1211 2684 “

115 2791 193 2850 rent
209 2782 357 2867 praelati,
383 2780 539 2862 allegans
560 2780 760 2862 supradicta
776 2782 966 2858 commoda,
985 2802 1063 2865 quae

115 2886 152 2949 in
177 2883 288 2949 literis
316 2882 547 2947 continentur.
601 2880 691 2944 Haec
715 2889 831 2946 autem
858 2883 975 2946 omnia
1000 2901 1062 2946 au-

116 2986 250 3051 dientes
269 2982 421 3067 episcopi
444 2987 478 3044 et
495 2981 713 3045 ecclesiarum
739 2982 887 3063 praelati,
903 2983 963 3064 qui
986 3003 1064 3064 per.

115 3086 282 3152 sonaliter
313 3081 556 3157 interfuerunt,
586 3081 796 3146 divertentes
829 3101 983 3146 seorsum
1017 3082 1061 3145 ad

114 3184 391 3270 colloquendum,
415 3201 492 3247 cum
515 3200 620 3263 super
645 3182 748 3245 rebus
771 3182 957 3264 propositis
984 3182 1062 3245 diu-

114 3289 184 3353 tius
206 3285 465 3356 deliberassent,
492 3302 692 3364 responsum
719 3301 818 3345 suum
844 3283 961 3345 inore
987 3301 1061 3345 ma-

113 3388 215 3473 gistri
230 3386 254 3451 J
257 3385 414 3460 ohannis,
430 3382 694 3447 Bedefordensis
708 3382 951 3459 archidiaconi,
969 3402 1061 3446 corn-

114 3489 265 3554 munitet
281 3489 484 3569 posuerunt,
501 3483 562 3565 qui
575 3482 717 3548 veniens
733 3483 970 3566 inpraesentia
987 3503 1061 3547 ma·

114 3589 215 3673 gistri
242 3586 390 3652 Othonis
416 3603 478 3667 per
504 3583 577 3648 haec
603 3584 710 3648 verba
735 3582 933 3666 respondit;
963 3584 1061 3648 ‘Do-

114 3690 218 3767 mine,
239 3689 320 3765 ista,
340 3704 419 3770 quae
441 3683 541 3749 nobis
562 3683 767 3767 proponitis,
786 3704 903 3767 regem
921 3681 1060 3766 Angliae

113 3789 309 3875 specialiter
332 3791 493 3868 tangunt,
523 3784 731 3866 generaliter
755 3805 838 3849 vero
863 3803 981 3848 omnes
1004 3805 1061 3848 ec·

112 3891 293 3957 clesiarum
317 3894 484 3971 patronos
505 3886 628 3967 regni3
662 3892 811 3967 tangunt
831 3885 1060 3966 archiepisco·

111 4011 176 4076 pos
210 3997 246 4056 et
276 4008 394 4054 eorum
424 3985 672 4068 suffraganeos,
704 4005 835 4049 necnon
864 3985 1061 4049 innumeros

114 4091 252 4174 Angliae
278 4089 453 4174 praelatos.
507 4085 595 4150 Cum
617 4106 701 4169 ergo
720 4106 782 4149 rex
805 4093 945 4169 propter
967 4086 1062 4149 infir·

112 4195 281 4269 mitatem,
313 4197 349 4254 et
379 4187 629 4270 archiepiscopi
661 4186 818 4252 nonnulli
848 4194 883 4249 et
910 4186 1063 4269 episcopi

921 4312 958 4360 12
