2864 4866
414 395 552 444 neonus
576 394 845 443 ntsronmnuu.
1040 378 1116 447 10⁷.

155 552 299 629 dowico,
344 552 557 616 Francorum
595 572 690 634 rege,
728 553 900 616 militabat
933 558 967 615 et
999 553 1105 615 maris
1118 566 1240 606 tro-122⁵·
1288 534 1296 548 ⁶

156 653 287 717 insulas
314 651 499 717 nonnullas
527 671 605 716 cum
631 653 774 716 armatis
804 672 872 716 non
899 652 1019 734 paucis
1046 654 1107 716 ob-

156 754 346 834 servabat3
382 752 480 836 cujus
518 752 586 817 duo
619 753 821 830 servientes,
854 753 914 835 qui
946 754 1105 817 comitem

156 855 256 937 plene
286 861 456 940 noverant
483 860 518 917 et
546 872 624 916 cum
652 853 730 916 aliis
757 853 875 917 multis
905 852 949 915 ad
976 853 1106 916 insula-

157 975 232 1018 rum
269 954 462 1019 custodiam
501 953 638 1017 fuerant
672 953 840 1036 deputati,
879 954 1107 1017 amicabiliter

156 1054 358 1119 accedentes
378 1055 423 1118 ad
448 1074 526 1118 eum
551 1064 735 1138 postquam
762 1052 996 1137 pertriduum
1022 1053 1107 1116 dcli-

155 1162 272 1219 tuerat
296 1155 434 1232 ibidem,
460 1154 637 1231 dixerunt,
666 1153 771 1236 quod,
794 1154 860 1217 nisi
888 1161 969 1217 ante
993 1153 1105 1218 lucem

156 1257 343 1319 crastinam
371 1257 414 1320 ab
438 1255 553 1318 insula
575 1254 761 1331 recederet,
787 1261 968 1336 caperetur
990 1273 1012 1316 a
1033 1253 1105 1317 suis

156 1356 345 1433 sodalibus,
367 1356 522 1438 quicum
546 1355 616 1419 illis
635 1355 767 1419 insulas
788 1361 823 1418 et
836 1355 941 1418 maris
964 1355 1105 1418 semitas

157 1458 400 1521 observabant.
453 1455 552 1520 Tunc
587 1474 714 1532 comes,
752 1455 843 1518 datis
876 1454 1105 1518 servientibus
1117 1470 1151 1510 his
1160 1481 1235 1520 escere

157 1557 332 1641 praedictis
357 1556 479 1638 viginti
513 1556 609 1620 libris
636 1555 892 1637 sterlingorum,
922 1554 966 1618 ad
1000 1573 1105 1619 naves
1118 1523 1200 1561 ‘hm'

157 1658 316 1722 celeriter
358 1657 569 1734 convolavit,
613 1664 649 1721 et
684 1656 788 1719 maris
828 1675 903 1720 sese
945 1654 1106 1719 fluctibus

158 1757 400 1823 commendans
422 1757 493 1821 fere
516 1777 578 1840 per
599 1762 670 1820 tres
696 1773 831 1820 menses
863 1762 1047 1838 antequam
1071 1755 1107 1817 in

128 1942 131 1947 Ι
158 1856 324 1940 Angliam
350 1857 541 1941 applicaret
559 1857 650 1920 inter
674 1857 786 1920 undas
814 1857 999 1920 saevientes
1027 1875 1109 1920 con-

158 1959 254 2023 tinue
272 1959 465 2024 laborabat.

165 2132 208 2198 Ut
216 2132 362 2220 propicior
377 2132 452 2199 Otho
458 2155 522 2219 pro
535 2131 663 2219 oogotr'o‘r
673 2129 792 2196 domini
799 2152 895 2216 popo
910 2130 945 2195 io
955 2130 1108 2217 Aooh'om

353 2268 356 2273 ν
570 2233 695 2296 oooorr't.

209 2356 341 2421 Eodem
356 2377 448 2422 anno
463 2357 629 2439 magister
642 2356 748 2434 Otho,
761 2357 890 2421 domini
904 2376 1005 2440 papae
1022 2378 1106 2421 nun·
1120 2376 1183 2444 ono,
1193 2376 1231 2416 nt

160 2449 242 2535 tius,
261 2458 298 2520 in
316 2457 480 2540 Angliam
509 2458 652 2521 veniens
677 2478 741 2540 pro
768 2459 904 2540 magnis
936 2451 1106 2522 ¹ecclesiae
1120 2428 1268 2549 mega,

160 2557 330 2622 Romanae
356 2557 505 2640 negotiis
531 2559 606 2639 regi
628 2558 747 2622 literas
773 2559 1019 2641 praesentavit3
1045 2559 1106 2622 sed
1121 2527 1226 2578 mmm

160 2677 232 2736 rex,
259 2659 399 2740 cognito
428 2658 605 2723 literarum
636 2665 767 2736 tenore,
797 2659 986 2740 respondit,
1014 2660 1106 2742 quod

160 2758 255 2822 solus
279 2778 349 2823 non
371 2758 486 2841 potuit
505 2758 663 2836 diffinire,
684 2778 747 2822 nec
776 2757 905 2834 debuit,
929 2760 1105 2842 negotium

161 2859 251 2941 quod
276 2877 394 2922 omnes
418 2859 560 2923 clericos
584 2866 620 2922 et
641 2859 746 2935 laicos
771 2859 977 2939 generaliter
1000 2860 1107 2924 totius

114 2991 117 2998 ·
161 2959 258 3042 regni
277 2960 456 3040 tangebat.
508 2959 608 3023 Tunc
633 2979 694 3041 per
720 2959 901 3021 consilium
926 2959 1105 3041 Stephani,

161 3058 420 3124 Cantuariensis
437 3058 697 3142 archiepiscopi,
713 3059 816 3122 datus
832 3065 885 3121 est
899 3057 971 3121 dies
990 3076 1011 3120 a
1026 3078 1106 3140 rege

161 3160 194 3222 in
223 3159 356 3224 octavis
385 3159 601 3242 Epiphaniae,
630 3165 680 3235 ut,
706 3152 923 3222 ²convocatis
950 3159 1106 3221 omnibus

160 3259 292 3323 clericis
328 3267 363 3324 et
394 3260 504 3337 laicis,
538 3279 643 3342 super
674 3259 820 3341 praefato
857 3258 995 3337 negotio
1024 3265 1107 3321 tunc

161 3366 351 3424 tractarent
386 3360 477 3442 apud
515 3359 872 3433 westmonasterium,
913 3363 948 3420 et
982 3357 1107 3420 ibidem

161 3459 258 3525 fieret
273 3460 363 3542 quod
374 3459 510 3543 justum
530 3459 677 3541 singulis
691 3459 876 3523 videretur.

181 3632 223 3696 Ut
237 3632 319 3697 idom
339 3633 414 3698 Otho
428 3632 614 3697 Foloosr‘ort
630 3633 695 3720 rapi
704 3633 878 3719 pooiylooro
893 3629 1090 3696 laboraverit.

211 3758 342 3823 Eodem
365 3767 519 3842 tempore
543 3759 710 3842 magister
734 3758 827 3824 Otho
852 3778 895 3821 ex
924 3764 1023 3839 parte
1046 3757 1107 3820 do·
1120 3777 1238 3868 {3305an

159 3859 242 3923 mini
268 3879 368 3942 papae
395 3880 512 3941 regem
533 3859 673 3941 Angliae
697 3858 873 3922 humiliter
897 3857 1046 3938 rogavit,
1069 3863 1219 3919 otnant

161 3958 322 4024 Falcasio
346 3961 411 4024 sibi
436 3960 658 4025 reconciliato
682 3978 825 4023 uxorem
849 3979 927 4022 cum
948 3958 1048 4020 terris
1073 3963 1108 4020 et

195 4131 203 4164 ¹
218 4134 356 4199 Ecclesia]
375 4135 469 4186 Chron.
488 4135 582 4185 Dunst.
595 4151 621 4197 p.
683 4131 692 4158 ²
706 4133 847 4182 Convocatis
861 4133 969 4182 omnibus
979 4133 1074 4183 abricio
1084 4137 1108 4182 et

161 4208 217 4255 161.
238 4253 240 4258 ,
649 4202 739 4267 luicis]
757 4206 803 4253 See
816 4205 907 4266 below,
918 4219 944 4265 p.
958 4208 1014 4253 114.
