2864 4866
387 411 524 460 rannus
548 412 814 461 ursronmuuu.
1007 399 1072 462 291

123 568 250 638 liarios,
275 589 336 650 per
352 588 439 650 quos
462 578 561 632 erant
578 571 614 632 in
637 570 778 634 exilium
801 571 911 652 pulsi;
937 581 972 635 et
987 591 1066 654 quae
1087 585 1208 625 rab-12³4·

123 686 187 730 sua
203 668 339 732 fuerant
356 670 435 749 igne
451 677 603 732 cremata
619 688 771 748 nemora,
787 677 822 734 et
839 670 991 752 pomeria
1008 690 1066 735 ra-

124 766 249 830 dicitus
270 769 474 850 exstirpata.

263 939 312 1002 De
327 938 510 1024 equitatione
517 940 613 1024 forto
627 941 716 1025 opud
729 941 933 1026 saturabat.

201 1062 345 1140 Deinde,
383 1063 474 1126 infra
517 1071 660 1128 octavas
704 1064 920 1146 Epiphaniae,
957 1084 1070 1130 comes
1085 1079 1221 1129 shrewsburr

1084 1131 1165 1168 burned
1174 1132 1199 1178 by

130 1161 357 1224 Marescallus
392 1168 427 1225 et
460 1164 619 1244 princeps
656 1163 855 1228 Norwalliae
895 1165 1070 1244 Loelinus,
1083 1179 1222 1268 thqqqrshal

128 1261 282 1325 collectis
307 1262 465 1324 omnibus
487 1263 617 1325 viribus
639 1283 726 1344 quas
750 1264 875 1327 babere
896 1240 1182 1346 poterant,i¹21nn.⁸'

130 1369 240 1424 terras
275 1361 367 1440 regis
402 1361 504 1442 longe
537 1361 682 1443 ingressi
716 1363 805 1426 ferro
845 1371 880 1427 et
912 1364 1070 1428 incendio

130 1460 386 1535 destruxerunt,
417 1461 467 1523 ita
489 1461 581 1541 quod
605 1480 626 1524 a
648 1462 773 1525 finibus
790 1463 928 1526 Walliae
960 1482 1071 1545 usque

130 1559 173 1622 ad
200 1559 418 1641 Salopesbcri
449 1558 531 1622 nihil
562 1561 701 1624 omnino
726 1562 939 1643 reliquerunt
962 1562 1072 1626 intac-
1147 1589 1151 1594 ’

131 1666 228 1736 tum3
259 1658 378 1721 villam
400 1677 537 1740 quoque
567 1659 785 1741 Salopesberi
806 1661 886 1741 igne
912 1663 1071 1725 combus-

130 1765 249 1822 serunt
271 1764 306 1821 et
328 1759 481 1839 pretiosa
512 1759 592 1821 inde
620 1759 749 1822 reversi
778 1760 890 1840 spolia
916 1768 1071 1842 reporta·

129 1866 221 1922 runt.
274 1856 353 1920 Rex
375 1863 492 1920 eutem
513 1856 706 1938 Anglorum
728 1859 819 1922 inter
843 1859 917 1923 baec
944 1861 1071 1937 omnia,

130 1977 208 2039 quae
229 1957 358 2020 fiebant
379 1959 422 2020 ab
449 1957 605 2020 hostibus
631 1959 714 2035 suis,
737 1957 829 2039 apud
847 1957 1070 2022 Gloverniarn

130 2076 206 2119 cum
240 2057 403 2138 episcopo
427 2057 659 2120 Wintoniensi
685 2059 884 2120 morabatur
913 2058 1071 2134 imbellis,

130 2157 212 2238 quia
234 2156 325 2219 vires
353 2175 421 2218 non
454 2155 573 2220 habuit
599 2156 775 2232 militares,
807 2157 932 2237 quibus
966 2157 1072 2220 aude-

129 2264 181 2319 ret
204 2255 359 2318 hostibus
386 2256 537 2332 obviare,
563 2256 654 2318 unde
678 2257 784 2319 nimio
808 2257 930 2319 rubore
952 2256 1071 2319 confu-

130 2375 189 2418 sus
215 2374 336 2419 versus
360 2354 573 2418 Wintouiam
605 2355 779 2436 profectus
804 2363 869 2432 est,
898 2355 1071 2436 regionem

130 2455 224 2518 illam
251 2453 456 2516 adversariis
478 2454 752 2535 depopulandam
775 2455 984 2536 relinquens
1006 2456 1072 2518 sic-

131 2560 170 2617 ut
190 2554 403 2617 intuentibus
426 2554 587 2634 apparuit
606 2553 802 2630 evidentem
833 2572 911 2615 narn
932 2553 1074 2616 misera·

130 2653 199 2716 bile
221 2653 410 2717 viatoribus
435 2660 510 2715 erat
530 2651 646 2714 videre
672 2652 708 2714 in
734 2653 912 2733 provincia
937 2653 998 2715 illa
1021 2659 1073 2716 tot

131 2751 320 2817 occisorum
346 2770 503 2832 corpora,
525 2770 670 2831 quorum
699 2771 769 2814 non
798 2758 874 2815 erat
897 2769 1073 2828 numeruS,

131 2853 223 2915 nuda
249 2871 311 2933 per
333 2850 466 2932 plateas
492 2856 528 2913 et
550 2849 723 2932 insepulta
743 2850 872 2932 jacere,
895 2870 973 2932 quae
995 2850 1073 2913 bes·

130 2953 187 3016 tiis
201 2971 292 3016 ¹esca
317 2950 411 3012 fuere
435 2949 616 3013 voracibus
638 2956 673 3012 et
695 2949 894 3012 volatilibus
920 2949 996 3012 caeli
1017 2967 1072 3010 ra·

130 3050 284 3132 pacibus,
306 3049 493 3130 exquibus
517 3055 624 3112 tantae
649 3048 879 3130 corruptionis
896 3048 1001 3111 foetor
1017 3065 1074 3109 ac-

130 3168 200 3212 rem
218 3149 483 3230 circumquaque
498 3148 675 3224 infecerat,
691 3147 782 3229 quod
800 3147 904 3210 etiam
919 3146 1074 3210 homines

129 3267 232 3312 sanos
266 3249 392 3311 mortui
425 3253 653 3329 peremerunt.
708 3245 913 3309 Induratum
936 3246 1073 3328 quidem

131 3349 217 3412 adeo
239 3355 314 3410 erat
328 3366 387 3410 cor
407 3347 498 3427 regis
520 3353 642 3409 contra
663 3345 908 3409 Marescallum
928 3365 991 3427 per
1011 3346 1075 3407 ini-

131 3467 248 3529 quum,
274 3466 343 3529 quo
369 3447 543 3521 utebatur,
567 3445 760 3520 consilium,
786 3444 877 3526 quod
904 3444 1074 3527 episcopis

130 3545 225 3609 illum
248 3546 524 3621 admonentibus,
552 3551 591 3608 ut
616 3563 734 3625 pacem
763 3562 839 3606 cum
855 3547 909 3606 'eo
934 3544 1075 3620 faceret,

130 3646 188 3727 qui
210 3664 274 3727 pro
292 3644 431 3727 justitia
454 3644 664 3719 decertabat,
681 3642 915 3724 responderet,
932 3662 970 3706 se
986 3662 1074 3704 nun-

130 3763 234 3826 quam
249 3745 285 3805 in
301 3762 421 3824 paoem
444 3743 626 3806 convenire
644 3761 722 3805 curn
739 3741 812 3818 illo,
830 3742 896 3804 nisi
913 3742 1074 3824 laqueum

129 3843 164 3905 in
187 3843 277 3907 collo
300 3861 423 3923 gerens
447 3849 539 3905 etse
561 3841 772 3923 proditorem
798 3861 873 3905 esse
895 3860 1077 3923 recognos-

128 3961 210 4005 cens
228 3943 305 4026 ejus
322 3941 589 4005 misericordiam
607 3941 818 4022 imploraret.
