2864 4866
383 415 523 462 rnonns
546 416 816 466 ursronmauu.
1061 405 1084 467 3

132 566 192 647 qui
207 568 363 649 aderant,
378 580 413 636 et
424 592 544 638 omnes
560 574 591 637 ei
606 573 842 637 fidelissimum
862 567 1080 657 lobsequium
1094 592 1150 633 an.
1161 593 1217 632 ma.

132 671 376 749 promiserunt.
438 672 634 737 Coronatus
669 682 722 738 est
753 681 867 738 autem
907 674 1081 740 Henricus

132 769 256 831 tertius
280 789 371 836 anno
394 773 508 838 aetatis
536 792 608 837 suaa
634 772 780 853 decimo,
803 775 839 837 in
862 773 918 838 dio
941 784 1082 857 aposto-

131 864 242 930 lorum
261 869 409 936 Simonis
428 879 463 936 et
481 872 504 937 J
508 873 597 949 udae,
617 871 749 937 scilicet
770 874 933 938 vicesimo
956 883 1081 941 octavo

131 965 187 1030 die
214 970 342 1034 mensis
368 972 542 1037 Octobris,
595 973 676 1036 Rex
697 981 813 1037 autem
834 982 914 1055 post
934 994 1080 1039 corona-

133 1067 263 1133 tionem
284 1090 382 1134 suam
411 1073 578 1136 remansit
595 1073 632 1136 in
657 1072 815 1136 custodia
835 1074 1001 1138 Willelmi
1024 1095 1081 1138 co-

133 1167 227 1230 mitis
250 1168 419 1250 Penbroc,
443 1174 563 1254 magni
583 1172 743 1237 videlicet
767 1172 1003 1251 Mareschalli,
1021 1175 1080 1257 qui

131 1268 290 1346 protinus
315 1273 409 1336 misit
434 1273 553 1337 literas
581 1272 624 1336 ad
653 1291 772 1337 omnes
797 1273 1014 1338 vicecomites
1037 1275 1080 1338 de

132 1385 241 1448 regno
260 1368 399 1453 Angliae
427 1380 463 1436 et
484 1372 703 1450 castellanos,
726 1374 930 1455 praecipiens
961 1375 1080 1457 singu-

132 1465 187 1543 lis,
211 1477 250 1533 ut
274 1473 348 1553 regi
375 1492 486 1554 nuper
514 1480 680 1537 coronato
707 1480 824 1536 essent
851 1473 1079 1551 intendentes,

131 1569 335 1649 promittens
357 1573 514 1636 omnihus
542 1573 777 1655 possessiones
804 1574 934 1654 pariter
956 1592 997 1636 ac
1020 1573 1078 1637 do-

133 1668 232 1732 naria
253 1670 373 1750 multa,
396 1672 447 1736 ita
468 1680 509 1736 ut
531 1673 624 1738 dicto
650 1673 724 1754 regi
750 1672 899 1736 fideliter
926 1672 1080 1736 adhaere-

132 1775 230 1848 rent3
264 1771 382 1854 sicque
411 1773 544 1837 nobiles
569 1772 721 1836 universi
746 1779 782 1835 et
805 1771 997 1850 castellani,
1020 1773 1079 1855 qui

132 1869 222 1950 patri
252 1869 327 1954 ejus
366 1874 569 1950 servierant,
601 1873 633 1937 ei
664 1872 774 1936 multo
808 1871 944 1936 fidelius
973 1891 1077 1953 quam

132 1970 206 2050 regi
229 1968 252 2033 J
255 1970 384 2035 ohanni
408 1973 640 2048 adhaeserunt,
663 1972 745 2054 quia
770 1971 880 2053 patris
901 1971 1079 2054 iniquitas,

132 2076 172 2133 ut
193 2071 327 2134 cunctis
350 2071 540 2150 videbatur,
563 2071 636 2135 filio
656 2090 724 2134 non
748 2070 867 2134 debuit
889 2071 1078 2153 imputari;

72 2223 73 2226 ,
131 2169 222 2233 unde
251 2190 369 2235 omnes
400 2192 476 2236 sese
507 2172 551 2235 ad
582 2171 814 2235 defensionem
841 2179 1079 2253 praeparantes

132 2270 275 2334 castella
294 2290 359 2335 sua
380 2273 571 2357 peroptime
593 2272 726 2334 munire
748 2279 937 2352 coeperunt.
991 2257 1079 2335 Ani-

131 2370 248 2435 mabat
266 2381 436 2452 praeterea
457 2392 528 2450 eos,
552 2372 612 2454 qui
634 2378 768 2454 partem
788 2371 880 2451 regis
902 2370 1079 2448 fovebant,

132 2470 433 2552 quamplurimum,
454 2473 547 2555 quod
571 2472 719 2553 singulis
741 2470 861 2534 diebus
886 2471 1079 2534 Dominicis

132 2589 173 2634 ac
190 2570 323 2635 festivis
346 2571 568 2637 Lodowicum
593 2591 671 2634 cum
694 2578 730 2634 et
753 2570 976 2652 complicibus
1002 2571 1079 2653 ejus

130 2679 165 2734 et
181 2670 373 2736 fautoribus
392 2671 683 2736 excommunicari
699 2671 875 2735 videbant.

177 2830 318 2910 Qualiter
333 2830 528 2906 Lodowicus,
543 2827 657 2892 cadite
673 2837 768 2892 morte
783 2827 862 2913 repis
878 2826 1044 2903 Jolereae's,

433 2952 454 2993 e
471 2930 595 2993 Docere
610 2928 771 2992 recesserit.
1023 2912 1025 2918 ’

183 3054 339 3138 Cumque
358 3054 564 3119 Lodowicus
582 3072 623 3116 ac
642 3053 799 3128 barones,
819 3052 878 3133 qul
897 3051 989 3133 apud
1007 3051 1080 3114 Do·
1091 3063 1207 3162 hillel*

134 3174 273 3220 verense
298 3163 451 3219 castrum
477 3153 690 3219 obsidionem
717 3152 879 3232 agebant,
904 3150 946 3213 de
970 3158 1080 3214 morte
1092 3175 1149 3214 upon
1158 3165 1229 3203 Dover

1092 3214 1164 3255 entle.

132 3256 222 3336 regis
262 3255 285 3320 J
288 3254 434 3320 ohannis
476 3252 645 3318 veridicos
680 3252 821 3314 nuntios
854 3250 1080 3332 accepissent,

131 3356 260 3420 invasit
281 3375 399 3418 omnes
421 3353 545 3418 laetitia
566 3370 706 3433 magna,
729 3357 769 3414 ut
787 3350 846 3431 qui
870 3369 907 3412 se
932 3348 1082 3413 confide-

129 3455 214 3519 bant
224 3475 367 3537 regnum
378 3454 517 3536 Angliae
528 3452 746 3535 subjugasse.
781 3443 793 3480 ²
800 3448 850 3513 At
864 3449 1080 3527 Lodowicus,

166 3659 366 3733 mereatum]
395 3664 551 3714 ‘Fidelitate
568 3667 594 3711 et
619 3659 717 3722 Burgh,
733 3662 768 3721 by
779 3657 864 3707 which
875 3659 896 3706 it
906 3672 1014 3719 appears
1025 3657 1080 3706 that

132 3733 249 3798 homagio
268 3735 378 3783 omniurn
399 3735 500 3783 illorum
521 3734 593 3782 nobie
619 3731 650 3778 he
663 3734 719 3780 sent
729 3730 771 3778 the
783 3730 836 3778 eorl
847 3728 876 3776 of
884 3729 1016 3788 Salisbury
1028 3728 1078 3775 and

132 3805 252 3854 exhibitis
261 3800 281 3865 ;'
298 3805 358 3855 ibid.
369 3820 396 3866 p.
409 3809 466 3854 145.
619 3800 743 3849 abrother
752 3799 781 3848 of
790 3799 899 3858 Hubert,
905 3798 989 3847 whom
1001 3798 1079 3847 louis

618 3870 670 3918 hed
692 3869 778 3918 before
801 3868 878 3917 taken
900 3869 1037 3929 prisoners,
1054 3871 1080 3916 to

167 3938 407 4003 'AtLodowiees.]
430 3939 485 3988 The
503 3939 594 3989 Cotton
620 3954 665 3988 use
692 3939 758 3988 their
785 3939 908 3986 influence
931 3937 993 3986 with
1019 3937 1080 3986 him.

132 4011 190 4063 MS.
208 4011 237 4059 of
251 4011 316 4060 Mat.
330 4011 406 4060 Paris
425 4009 471 4060 has
483 4024 499 4058 a
510 4009 595 4058 differ·
619 4009 673 4058 The
696 4008 785 4069 result,
813 4007 940 4068 however,
961 4020 1016 4055 was
1037 4006 1080 4054 the

132 4087 175 4131 ent
199 4085 307 4131 account
326 4080 355 4129 of
375 4080 417 4130 the
440 4084 547 4140 attempt
570 4078 599 4127 of
620 4093 702 4137 aame3
724 4092 766 4127 see
783 4078 845 4127 Ver.
863 4077 934 4128 Lect.
949 4077 1030 4138 Wnts,
1048 4077 1081 4125 ad

133 4153 211 4204 Iouis
228 4157 253 4200 to
271 4151 344 4211 bring
366 4166 426 4200 over·
446 4151 547 4199 Hubert
563 4149 595 4196 de
620 4165 646 4211 p.
659 4152 716 4198 288.
962 4218 978 4262 2

930 4227 944 4260 a
