2864 4866
336 381 401 446 176
597 396 730 445 66611111
755 397 801 444 nn
824 395 1032 445 wunnovnn

175 575 298 617 161116
335 558 411 622 licie
437 564 563 637 terrae3
597 557 657 621 sed
681 556 863 621 ineffabilis
889 553 1071 620 clementie
1100 552 1179 629 Dei,
1206 570 1286 634 quae

335 658 504 721 neminem
521 657 683 739 temptari
701 657 877 738 permittet
888 656 981 720 ultra
998 673 1101 737 quam
1116 653 1287 717 sustinere

335 764 463 840 potest,
486 757 625 821 tandem
654 755 860 820 clamoribus
885 754 1111 838 lachrymosis
1133 752 1287 816 fidelium

337 858 510 921 excitatus
534 857 719 938 imperavit
740 857 853 920 ventis
881 863 915 920 et
944 855 1031 919 mari
1054 860 1089 917 et
1117 852 1211 917 facte
1233 858 1288 918 est

337 956 572 1039 tranquillitas
600 976 739 1038 magna,
765 964 801 1020 et
827 956 1004 1032 continuo,
1037 954 1185 1017 ducente
1213 952 1288 1016 Do·

338 1058 441 1134 mino,
457 1057 554 1121 veuit
573 1056 665 1140 apud
681 1055 704 1119 J
707 1076 821 1138 oppen
842 1055 1023 1119 innumera
1038 1055 1178 1118 navium
1202 1051 1288 1116 mul·

340 1157 452 1221 titudo
471 1176 549 1220 cum
570 1157 703 1238 ingenti
724 1156 825 1238 copia
839 1155 1003 1219 frumenti
1022 1161 1057 1218 et
1070 1154 1201 1230 hordei,
1215 1152 1288 1216 vini

339 1264 374 1321 et
391 1258 484 1321 omni
506 1276 632 1338 genere
655 1256 868 1333 victualium,
898 1256 949 1319 ita
971 1254 1064 1338 quod
1086 1253 1286 1317 indeficiens

339 1357 551 1421 abundantia
579 1356 645 1420 fuit
678 1375 813 1439 semper
847 1356 884 1419 in
919 1355 1074 1419 exercitu
1102 1373 1212 1437 usque
1241 1352 1287 1416 ad

338 1456 526 1540 perfectam
539 1456 838 1521 reaedificationem
853 1456 958 1520 castri
974 1455 1167 1533 memorati,
1183 1461 1287 1537 prout

337 1577 452 1621 rerum
470 1557 657 1621 necessitas
673 1556 848 1638 exigebat.
896 1645 899 1650 Ι

337 1733 387 1811 De
399 1732 521 1818 Josepa,
538 1731 593 1818 qai
607 1730 751 1795 1111116161
768 1728 884 1794 chrisa·
898 1728 1064 1794 aduentam
1083 1728 1185 1793 addae
1201 1729 1290 1794 oinos

740 1839 901 1915 6111666161.
1005 1848 1009 1852 ’

179 1973 329 2014 111111111-
391 1956 472 2021 Η66
501 1956 650 2038 1166111116
672 1975 764 2020 611116
797 1955 892 2019 venit
923 1955 960 2017 in
983 1953 1149 2037 Angliam
1177 1956 1289 2020 archi·

180 2027 217 2075 ing
225 2025 278 2066 Jev.

340 2057 521 2140 episcopus
544 2057 684 2139 quidam
705 2054 881 2120 Armeniae
908 2055 1062 2140 majoris,
1090 2057 1204 2137 gratia
1231 2078 1291 2139 pc-

340 2157 598 2240 regrinationis,
620 2164 660 2220 ut
684 2164 882 2221 sanctorum
908 2155 1012 2240 hujus
1035 2157 1186 2238 regionis
1209 2158 1293 2222 reli-

341 2258 441 2340 quias
461 2265 496 2321 et
510 2258 587 2322 loca
608 2257 829 2333 venerabilia,
848 2256 938 2320 sicut
959 2263 994 2320 et
1009 2276 1071 2338 per
1090 2256 1160 2320 alia
1182 2277 1291 2339 regna

342 2358 482 2434 fecerat,
507 2358 687 2436 visitaret3
722 2357 841 2420 literas
866 2376 1003 2439 quoque
1034 2356 1163 2421 domini
1188 2377 1288 2441 papae

344 2458 387 2521 ad
410 2457 742 2521 commendationem
765 2475 922 2539 personae
949 2476 1021 2519 suae
1042 2457 1127 2521 viris
1149 2458 1289 2539 religio·

343 2557 391 2628 sis
410 2564 445 2620 et
464 2556 618 2638 praelatis
640 2557 882 2620 ecclesiasticis
903 2556 1072 2633 exhibuit,
1089 2563 1129 2620 ut
1145 2558 1188 2620 ab
1205 2557 1291 2640 ipsis

343 2674 420 2720 cum
447 2656 564 2720 debite
594 2658 787 2721 reverentia
816 2657 1026 2739 reciperetur
1047 2665 1083 2721 et
1104 2657 1291 2721 honorifice

343 2764 563 2822 tractaretur.
596 2756 667 2820 Hic
683 2757 819 2820 demum
834 2758 925 2840 apud
942 2765 1098 2821 sanctum
1114 2756 1291 2823 Albanum

342 2857 484 2921 veniens
518 2858 561 2921 ab
592 2858 717 2922 abbate
744 2865 779 2921 et
802 2864 975 2922 conventu
997 2865 1194 2923 reverenter
1216 2877 1292 2921 susq

342 2964 464 3040 ceptus
494 2964 559 3035 est,
585 2958 643 3021 ubi
673 2977 750 3021 cum
768 2957 951 3021 abitinere
976 2958 1144 3039 fatigatus
1170 2959 1214 3022 ob
1236 2960 1291 3022 sui

342 3076 552 3140 suorumque
581 3058 827 3122 recreationem
854 3057 1055 3140 aliquandiu
1087 3058 1292 3140 perendina-

343 3164 407 3234 ret,
430 3157 538 3239 coepit
567 3177 629 3240 per
661 3157 866 3240 interpretes
891 3177 972 3222 suos
998 3158 1041 3222 de
1063 3159 1133 3221 ritu
1158 3165 1193 3222 et
1212 3159 1292 3223 reli-

343 3258 445 3338 gione
467 3257 569 3341 hujus
594 3258 717 3339 patriae
736 3256 847 3321 multa
862 3265 898 3321 et
913 3258 1065 3322 moribus
1081 3259 1219 3322 vivendi
1236 3260 1289 3322 in-

343 3357 489 3439 quirere,
513 3364 549 3421 et
567 3357 610 3421 de
626 3358 783 3439 partibus
805 3357 948 3421 orientis
967 3358 1068 3440 plura
1090 3358 1292 3422 admirande

343 3458 480 3521 referre.
555 3457 797 3539 Interrogatus
828 3465 944 3522 autem
970 3458 1060 3521 inter
1088 3465 1216 3522 caetera
1248 3459 1292 3522 de

343 3556 489 3640 Joseph,
519 3557 594 3621 viro
625 3556 699 3634 illo,
730 3556 773 3621 de
800 3576 869 3638 quo
895 3558 1054 3640 frequens
1086 3577 1198 3621 sermo
1228 3558 1292 3622 bea

343 3657 443 3721 betur
463 3657 554 3720 inter
571 3655 738 3733 homines,
759 3657 831 3739 qui,
848 3656 987 3739 quando
1007 3676 1130 3740 passus
1146 3665 1200 3722 est
1218 3659 1293 3724 Do-

344 3756 470 3833 minus,
494 3775 646 3838 praesens
670 3755 737 3820 fuit
758 3763 794 3820 et
816 3756 953 3821 locutus
975 3765 1028 3821 est
1050 3777 1128 3822 oum
1155 3777 1207 3836 eo,
1232 3760 1292 3842 qui

343 3854 457 3918 adhuc
484 3855 572 3919 vivit
606 3856 642 3919 in
680 3863 920 3937 argumentum
957 3855 1038 3921 fidei
1072 3857 1293 3937 Christianae,

342 3955 373 4017 si
392 3955 488 4017 illum
513 3955 700 4038 aliquando
726 3955 850 4020 viderit
873 3957 928 4020 vel
954 3956 997 4020 de
1023 3956 1084 4021 illo
1107 3959 1293 4041 quicquam

343 4054 503 4132 audierit,
522 4055 700 4138 respondit
725 4075 788 4138 pro
813 4055 1071 4139 archiepiscopo
1095 4058 1193 4121 miles
1217 4060 1293 4141 qui-

342 4154 421 4218 dam
450 4155 493 4219 de
518 4156 650 4220 familia
676 4155 765 4240 ejus,
793 4157 853 4240 qui
883 4157 1053 4240 interpres
1081 4157 1174 4222 illius
1204 4167 1293 4239 eret,
