2864 4866
395 409 533 458 rcoans
557 409 827 462 rnsroarnamr.
1016 395 1082 464 287

134 567 230 632 deret
244 574 290 645 et,
308 567 417 632 modis
433 568 591 632 omnibus
605 569 729 651 quibus
747 575 876 652 posset,
893 576 1055 651 gravaret
1068 587 1078 650 ;
1092 583 1148 623 sn·
1160 584 1215 623 12³³·

1093 635 1202 683 Propocais

134 667 226 749 quod
250 669 407 732 omnibus
428 669 560 751 liquere
579 676 695 751 potest
713 689 776 752 per
791 677 944 733 tenorem
962 668 1079 733 litera·
1092 685 1236 774 ffigdtss'iss‘

135 786 210 830 rum
228 786 380 846 suarum,
395 770 518 851 quibus
536 788 598 850 per
609 768 774 850 Angliam
791 770 984 850 generalem
998 768 1081 835 fecit
1092 745 1192 825 marginal·

135 870 418 933 convocationem
434 868 471 931 in
489 888 601 932 meum
618 869 774 933 exitium.
827 869 968 933 Etcum
990 889 1080 952 prae-

136 967 230 1032 dicta
246 968 290 1031 ab
312 969 398 1050 ipsis
420 967 503 1032 mihi
522 968 684 1052 imposita
704 969 794 1033 falsa
813 970 895 1047 sint,
911 977 946 1034 et
962 989 1081 1035 verum

135 1068 296 1149 estquod
311 1087 375 1132 rex
390 1086 428 1132 se
442 1068 542 1152 pejus
564 1069 686 1134 habuit
701 1075 823 1134 contra
844 1089 899 1134 me
915 1076 1080 1152 tempore,

135 1187 204 1250 quo
233 1168 342 1250 ipsius
374 1168 643 1233 misericordiam
676 1170 877 1251 exspectavi
908 1189 1013 1252 quam
1044 1171 1082 1233 in

135 1267 203 1330 alio
223 1268 339 1350 aliquo
361 1276 528 1351 tempore,
551 1276 586 1334 et
603 1269 715 1334 adhuc
730 1271 840 1335 utitur
860 1269 980 1334 eodem
998 1289 1081 1333 con·

62 1381 67 1389 '
136 1366 214 1430 silio
230 1386 299 1450 quo
316 1368 531 1445 etiamtunc,
547 1376 675 1434 etcum
691 1372 834 1452 praecise
848 1369 980 1434 nitatur
995 1388 1081 1433 sem-

135 1486 198 1549 per
229 1468 382 1532 consiliis
412 1489 531 1533 eorum
561 1469 598 1533 in
629 1471 786 1534 omnibus
816 1463 1009 1546 ¹utendum,
1038 1468 1082 1534 de

135 1586 281 1649 quorum
304 1569 449 1634 consilio
477 1569 589 1634 sentio
616 1571 730 1634 omnia
760 1569 927 1652 praedicta
955 1588 1081 1649 grava·

136 1669 227 1730 mina
249 1668 333 1732 mihi
354 1675 390 1734 et
406 1669 491 1734 meis
511 1670 622 1746 illata,
644 1667 720 1752 ejus
740 1687 803 1732 nos
826 1668 1001 1751 suincere
1021 1670 1083 1733 mi-

136 1767 331 1832 sericordiae
350 1788 419 1833 non
439 1769 614 1833 debemus.
668 1767 743 1833 Nec
769 1768 835 1833 hoc
860 1775 952 1832 esset
974 1768 1084 1833 honor

136 1866 240 1948 regis„
257 1868 348 1951 quod
365 1868 536 1933 voluntati
558 1888 631 1933 suae
653 1869 895 1944 consentirem,
912 1888 991 1951 quae
1013 1888 1083 1932 non

137 1974 231 2031 esset
245 1969 379 2032 ratione
393 1969 561 2049 subnixa3
587 1969 658 2033 imo
672 1969 819 2033 facerem
834 1969 900 2032 sibi
919 1968 1082 2059 injuriam

137 2073 173 2130 et
186 2067 347 2150 justitiae,
362 2088 465 2150 quam
481 2070 556 2152 ipse
575 2068 612 2131 in
626 2068 782 2133 subditos
804 2088 965 2132 exercere
981 2068 1083 2131 debet

137 2172 173 2230 et
191 2164 408 2233 conservare.
460 2169 507 2233 Et
520 2169 647 2232 malum
665 2168 859 2252 exemplum
876 2169 993 2233 darem
1010 2188 1083 2232 om·

137 2267 247 2347 nibus,
265 2267 426 2332 videlicet
439 2267 617 2332 deserendi
629 2268 802 2353 justitiam
818 2274 854 2331 et
863 2268 954 2352 juris
970 2287 1082 2350 perse

137 2368 321 2445 cntionem,
346 2376 488 2451 propter
504 2369 727 2434 voluntatem
750 2387 939 2444 erroneam,
959 2374 1082 2432 contra

137 2486 272 2531 omnem
294 2467 468 2551 justitiam
491 2475 527 2533 et
547 2468 711 2553 injuriam
733 2469 970 2549 subditorum
1001 2488 1084 2547 nam
1141 2552 1142 2555 Ἴ

137 2587 182 2631 ex
202 2567 268 2631 hoc
289 2576 474 2650 appareret
492 2586 555 2632 nos
580 2567 723 2650 diligere
745 2569 824 2651 plus
846 2568 1081 2650 possessiones

136 2674 274 2731 nostras
292 2666 483 2732 mundanas
496 2687 598 2752 quam
617 2668 729 2750 ipsam
742 2667 938 2752 justitiam!
990 2667 1080 2732 Item

137 2775 335 2849 proponunt
350 2776 473 2833 eontra
496 2768 742 2832 Marescallum
768 2767 954 2831 consiliarii
976 2768 1080 2850 regis,

138 2867 230 2949 quod
249 2866 506 2931 oonfoederatns
530 2874 584 2930 cst
600 2867 807 2950 capitalibus
828 2867 975 2931 inimicis
992 2867 1081 2950 ejus,

138 2966 297 3032 videlicet
321 2967 558 3049 Francigenis‚
579 2966 693 3031 Scotis
716 2973 751 3030 et
769 2966 1015 3044 Wallensibus,
1045 2976 1082 3030 et

137 3066 274 3131 videtur
289 3066 339 3131 eis
364 3066 430 3131 hoc
452 3066 574 3130 fecisse
598 3065 635 3129 in
652 3067 769 3130 odium
785 3073 821 3130 et
835 3065 997 3129 damnum
1019 3065 1081 3130 do·

138 3167 221 3230 mini
244 3167 336 3247 regis
359 3173 394 3231 et
409 3167 518 3247 regni.
562 3163 628 3230 Ad
650 3165 715 3230 hoc
739 3165 823 3230 dicit
840 3165 1081 3243 Maresoallus,

137 3265 261 3349 ‘quod
293 3266 336 3330 de
369 3265 594 3348 Franoigenis
625 3265 751 3329 falsum
788 3272 842 3330 est
869 3265 1080 3348 simpliciter.

138 3363 240 3443 Quod
262 3365 392 3430 dictum
410 3373 464 3430 est
478 3366 521 3429 de
543 3365 657 3429 Scotis
679 3372 715 3430 et
729 3364 964 3430 Wallensibus
987 3365 1081 3427 simi·

136 3465 216 3529 liter
236 3465 360 3529 falsum
389 3473 454 3544 est,
476 3473 707 3548 praeterquam
730 3465 774 3529 de
795 3484 877 3547 rege
898 3464 1024 3529 Scotiae
1047 3472 1082 3529 et

138 3564 282 3630 Loelino
298 3566 453 3648 principe
476 3564 689 3642 Norwalliae,
705 3566 765 3647 qui
782 3585 850 3629 non
866 3564 1006 3641 inimici,
1021 3564 1081 3628 sed

137 3664 255 3729 fideles
275 3665 350 3750 ejus
372 3666 523 3743 fuerunt,
535 3684 725 3748 ¹quousque
744 3685 807 3748 per
827 3664 973 3749 injurias
995 3664 1081 3747 ipsis

137 3784 159 3828 a
175 3785 256 3846 rege
279 3771 314 3829 et
332 3765 407 3850 ejus
427 3765 634 3830 consiliariis
656 3765 773 3829 illatas
793 3785 815 3828 a
830 3764 996 3828 fidelitate
1018 3781 1083 3827 sua

136 3865 237 3929 inviti
263 3873 298 3930 et
318 3866 443 3944 coacti,
466 3866 557 3929 sicut
578 3871 613 3929 et
636 3885 713 3947 ego,
741 3865 882 3930 alienati
909 3872 1014 3943 sunt3
1048 3871 1083 3928 et

135 3971 276 4048 propter
293 3964 358 4029 hoo
381 3965 551 4029 cumillis
574 3965 829 4030 confoederatus
851 3984 938 4042 sum,
956 3971 996 4027 ut
1010 3983 1082 4026 me·
1108 4042 1120 4057 ,.

134 4211 152 4261 t·
170 4137 176 4168 ¹
194 4142 347 4206 Utendum]
377 4123 491 4192 inserted
507 4143 534 4190 in
552 4141 594 4204 C„
609 4143 657 4190 but
667 4141 709 4190 the
724 4140 776 4190 line
787 4119 810 4190 is
822 4140 927 4190 marked
938 4119 977 4189 sor
988 4153 1085 4188 correc-

146 4227 196 4262 ron.
