2864 4866
434 416 572 465 rnonns
597 416 868 466 nrsromnnon.
1061 401 1127 465 193

173 572 343 636 Dominus
369 574 586 656 omnipotens
610 575 652 639 de
678 575 802 639 throno
830 575 1025 659 majestatis
1052 598 1124 642 suae
1138 594 1191 637 no.
1204 595 1259 635 1220.

173 693 236 736 nos
254 673 446 737 habendam
471 675 665 756 praevidens
688 675 731 739 de
753 675 897 758 speciali
922 677 1036 758 gratia
1051 679 1124 760 pie·

172 773 256 837 tatis
273 793 345 836 snae
357 774 448 837 inter
464 775 556 838 orbis
574 775 745 858 principes
764 794 826 839 nos
842 776 1047 840 mirabiliter
1063 797 1123 841 ex·

172 872 309 949 altavit,
324 880 364 937 ut
380 874 431 936 sic
450 876 739 958 prosequentibus
764 876 862 938 nobis
880 882 988 940 tantae
1011 876 1123 958 digni·

173 973 257 1035 tatis
273 971 474 1055 tripudium,
497 994 575 1057 quae
601 975 700 1038 nobis
723 976 888 1056 competit
906 976 987 1058 jure
1009 979 1121 1058 regni,

172 1072 285 1153 magis
317 1092 358 1136 ac
386 1074 499 1154 magis
530 1074 702 1138 notorium
736 1075 906 1138 universis
943 1084 1120 1158 appareat

172 1171 265 1252 quod
294 1191 416 1235 manus
444 1173 585 1237 Domini
607 1173 688 1238 fecit
707 1174 781 1237 haec
807 1175 944 1254 omnia3
973 1183 1020 1253 et,
1043 1196 1122 1240 cum

173 1271 410 1337 miserationes
433 1273 509 1356 ejus
538 1293 642 1356 super
667 1274 782 1338 omnia
805 1293 910 1356 opera
938 1276 1009 1338 sint
1029 1276 1122 1359 ejus-

174 1371 264 1448 dem,
300 1380 513 1453 cognoscant
545 1373 749 1438 orthodoxae
781 1373 860 1437 fidei
893 1374 1043 1438 cultores
1080 1377 1123 1439 de

173 1478 313 1548 caetero,
346 1479 382 1536 et
407 1481 568 1538 enarrent
597 1474 700 1555 longo
729 1472 868 1557 lateque
903 1493 965 1555 per
993 1476 1122 1553 orbem,

173 1571 266 1652 quod
283 1571 362 1648 Ille,
384 1573 444 1654 qui
468 1574 737 1638 estbenedictus
758 1574 794 1636 in
817 1573 947 1650 secula,
965 1575 1123 1640 visitavit

173 1670 306 1736 etfacit
323 1670 593 1754 redemptionem
616 1673 708 1756 plebi
732 1692 817 1750 suae,
839 1679 874 1736 et
889 1675 1001 1740 erexit
1024 1675 1122 1739 nobis

173 1789 282 1835 cornu
306 1771 430 1835 salutis
455 1773 491 1835 in
514 1771 616 1836 domo
639 1772 756 1837 David
779 1773 877 1855 pueri
900 1774 966 1838 sui.
1019 1774 1121 1850 Sane,

174 1871 375 1954 prinsquam
399 1871 442 1935 de
465 1872 607 1936 civitate
630 1872 830 1937 recedamus
850 1880 972 1936 sancta
993 1873 1121 1937 Hieru-

120 2045 121 2048 Ἴ
172 1971 294 2049 salem,
312 1972 355 2035 de
371 1971 555 2052 magnifica
568 1972 834 2036 reaedificatione
850 1972 960 2054 ipsius
977 1973 1121 2036 turrium

173 2089 215 2134 ac
243 2090 417 2135 murorum
443 2091 584 2135 suornm
611 2071 727 2135 taliter
751 2070 911 2134 ordinare
939 2074 1122 2154 proposui·

172 2184 263 2248 mos,
289 2178 324 2234 et
343 2171 395 2234 ita
422 2190 526 2252 super
554 2171 629 2234 haec
659 2171 836 2234 intendere
862 2169 1020 2234 volumus
1044 2172 1121 2234 dili-

175 2278 310 2351 genter,
333 2270 425 2354 quod
447 2290 515 2334 non
539 2271 651 2334 minor
675 2268 871 2334 sollicitudo
891 2289 954 2333 nec
975 2270 1122 2351 diligen-

175 2370 225 2434 tia
250 2371 287 2433 in
316 2371 474 2433 absentia
503 2377 622 2434 nostra
648 2369 816 2433 habeatur
841 2368 933 2445 inde,
959 2389 1062 2451 quam
1092 2372 1122 2434 si

174 2469 401 2552 personaliter
428 2489 534 2552 super
555 2470 620 2533 hoc
645 2469 712 2550 ipsi
743 2487 895 2532 essemus
919 2477 1120 2551 praesentes.

176 2568 227 2635 Ut
247 2577 363 2634 autem
389 2568 464 2633 haec
490 2587 642 2652 praesens
668 2576 788 2632 nostra
813 2568 961 2650 epistola
986 2569 1122 2632 exulta-

175 2669 269 2733 tione
299 2670 346 2733 sit
374 2668 480 2751 plena
512 2690 574 2752 per
605 2675 728 2746 totum,
763 2675 797 2733 et
829 2668 880 2731 sic
913 2668 1010 2731 limes
1045 2669 1120 2752 ejus

173 2769 342 2852 principio
364 2787 402 2832 se
422 2769 566 2851 adaptet
583 2769 620 2831 in
642 2768 790 2849 gaudiis,
816 2774 856 2831 ut
872 2769 1023 2849 regalem
1046 2769 1121 2831 ani·

173 2888 267 2931 mum
286 2889 350 2951 pro
366 2875 449 2933 voto
468 2869 631 2944 laetificet,
652 2868 696 2931 ad
720 2869 967 2931 incrementum
988 2867 1120 2932 laetitiae

172 2976 209 3033 et
238 2969 346 3033 totius
378 2967 498 3049 gaudii
535 2967 773 3050 praecedentis,
804 2967 965 3030 amicitiae
995 2974 1121 3031 vestrae
1194 2981 1198 2989 ’

173 3069 330 3150 cupimus
358 3087 434 3132 esse
459 3074 591 3145 notum,
622 3066 714 3150 quod
737 3066 910 3130 Soldanus
935 3064 1121 3148 praedictus

172 3186 292 3232 omnes
323 3169 480 3250 captivos
516 3167 608 3244 illos,
641 3176 733 3248 quos
762 3165 949 3230 secundum
979 3172 1119 3246 pactum

173 3267 264 3331 inter
303 3265 518 3332 Christianos
558 3274 593 3331 et
625 3268 736 3349 ipsum
777 3266 933 3328 habitum
967 3271 1121 3346 tempore

171 3360 346 3448 qnondam
364 3367 535 3430 Damietae
551 3367 695 3448 perditae
711 3385 780 3428 non
799 3363 956 3437 reddidit,
974 3369 1009 3426 et
1021 3363 1121 3438 alios,

171 3465 233 3548 qui
260 3471 382 3548 postea
404 3466 497 3548 capti
519 3465 670 3541 fuerunt,
693 3464 873 3528 restituere
895 3462 994 3525 nobis
1019 3462 1121 3527 debet

73 3557 76 3562 ’
174 3564 288 3630 modo.
340 3564 436 3632 Data
457 3564 549 3648 apud
569 3565 743 3629 civitatem
774 3568 930 3626 sanctam
951 3560 1121 3625 Hierusa-

173 3663 239 3728 lem
257 3664 390 3728 decimo
407 3664 553 3746 septimo
569 3663 625 3728 die
641 3663 769 3726 mensis
788 3661 921 3737 Martii,
938 3679 1030 3724 anno
1048 3661 1121 3725 Do·

173 3763 256 3829 mini
271 3763 451 3828 millesimo
467 3763 701 3829 ducentesimo
718 3761 881 3827 vicesimo
901 3759 1017 3824 non0.'
