2864 4866
454 439 592 489 anonas
616 439 886 488 fflsronmauu.
1076 424 1143 490 277

191 596 271 660 inde
292 616 337 660 ex
360 616 477 662 eorum
503 604 676 682 potestate
700 607 895 683 exemptus
915 598 1016 678 unde,
1039 620 1082 664 ne
1104 600 1277 665 inan-1²³³·

191 717 266 761 eum
289 697 417 761 ferrent
443 700 659 775 sententiam,
682 699 798 763 sedem
826 699 1052 783 apostolicam
1078 720 1140 784 ap-

190 796 345 881 pellavit.
396 798 497 863 Tunc
522 799 674 880 episcopi
699 819 817 864 omnes
842 800 920 864 illos
943 820 1142 864 excommu-

193 898 408 976 nicaverunt,
433 899 493 981 qui
521 890 671 962 animum
700 900 793 981 regis
817 899 1084 965 immutaverant
1104 901 1140 964 in

191 997 307 1061 odium
323 1000 531 1064 naturalium
553 999 730 1064 hominum
752 1018 893 1064 suorum
908 1000 951 1064 de
969 1020 1087 1084 regno,
1104 1008 1140 1066 ct

190 1118 309 1162 omnes
324 1099 383 1183 qui
398 1101 639 1182 perturbarent
654 1118 774 1183 pacem
792 1101 902 1184 regni.

230 1270 319 1350 Quod
331 1293 385 1338 reu
399 1295 497 1339 omnes
513 1275 609 1340 citari
614 1275 706 1360 feeit,
723 1275 778 1361 qui
792 1274 853 1341 sita·
866 1275 1046 1343 tenebantur
1061 1276 1108 1341 eal

502 1375 662 1440 seruitium
675 1376 825 1442 militare.

242 1497 291 1561 In·
309 1498 375 1564 hoc
401 1501 539 1583 quidem
562 1501 735 1584 colloquio
762 1507 933 1567 venerunt
959 1503 1071 1566 nuntii
1094 1504 1137 1568 ad
1152 1516 1258 1567 Thektnr

1151 1577 1262 1607 tummim!

189 1617 318 1679 regem,
342 1600 505 1678 dicentes,
526 1601 619 1684 quod
647 1620 761 1666 comes
783 1600 1011 1665 Marescallns
1040 1623 1139 1687 cepe·
1150 1618 1301 1717 fflirlfff'ffi

190 1704 246 1762 rat
274 1700 455 1764 castellum
488 1720 588 1765 suum
613 1702 650 1765 in
674 1701 817 1779 wallia,
840 1709 875 1766 et
897 1702 1065 1784 quosdam
1093 1723 1137 1768 ex
1151 1718 1293 1808 mmm„

190 1798 355 1864 militibus
373 1801 445 1864 suis
466 1800 591 1866 ibidem
614 1801 834 1866 interfecerat
850 1808 887 1865 et
902 1801 944 1865 de
958 1802 1137 1869 ministris.
1150 1778 1281 1859 ιὲἧῗιοοιῧτ·

190 1897 281 1963 Haec
298 1900 442 1965 audiens
468 1921 531 1965 rex
556 1903 780 1986 perturbatus
797 1906 851 1965 est
866 1901 977 1979 valde,
998 1909 1034 1966 et
1049 1922 1139 1986 prae-

187 2000 279 2081 cepit
300 2000 470 2085 episcopis
493 2003 637 2080 cunella,
660 2009 701 2066 ut
717 2001 961 2067 Marescallum
983 2004 1139 2067 uomina-

188 2099 250 2163 tim
278 2102 629 2180 excommunicarent,
651 2103 710 2185 qui
733 2109 884 2166 castrum
905 2110 1138 2185 occupaverat

188 2209 414 2266 memoratum
430 2223 439 2283 3
464 2203 525 2268 sed
548 2203 600 2267 illi
629 2210 784 2267 econtra
800 2203 1026 2266 communiter
1041 2203 1137 2268 dixe·

188 2312 281 2378 runt,
303 2303 483 2385 indignum
506 2321 583 2367 esse
603 2302 701 2366 illum
724 2301 1032 2380 excommunicare,
1056 2304 1137 2384 quia

188 2402 367 2466 castellum
394 2402 486 2486 quod
519 2421 619 2467 suum
651 2403 767 2467 fuerat
793 2402 986 2485 occupavit.
1036 2401 1137 2467 Tunc

190 2520 253 2564 rex
274 2503 498 2585 perturbatus
528 2504 624 2567 misit
650 2503 770 2568 literas
794 2503 831 2567 in
857 2521 975 2566 omnes
996 2501 1136 2585 Angliae

188 2600 286 2679 fines,
318 2603 522 2687 praecipiens
551 2604 696 2682 cunctiS,
723 2603 784 2686 qui
813 2603 879 2666 sibi
908 2601 952 2665 ad
988 2604 1136 2668 militare

188 2701 366 2766 servitium
382 2704 600 2781 tenebantur,
616 2711 787 2787 quatenus
809 2703 845 2766 in
869 2703 1019 2766 crastino
1041 2703 1138 2769 festi·

188 2802 308 2866 vitatis
319 2801 482 2866 Omnium
497 2810 695 2867 sanctorum
712 2802 804 2887 apud
817 2802 1042 2890 Gloverniam
1058 2822 1136 2866 cum

188 2901 286 2983 equis
309 2910 344 2966 et
366 2904 471 2966 armis
494 2903 730 2981 convenirent,
751 2923 819 2986 quo
842 2903 916 2984 ipse
932 2902 1037 2967 vellet
1054 2921 1136 2966 con·

182 3001 313 3067 ,ducere
335 3002 426 3081 illos,
448 3003 543 3068 ituri.
597 3002 667 3066 Per
689 3002 780 3067 idem
799 3010 934 3085 tempus
953 3001 1135 3067 Hubertus

187 3102 230 3166 de
248 3103 380 3185 Burgo,
397 3103 571 3186 quondam
591 3101 729 3185 Angliae
746 3102 976 3186 justiciarius,
999 3094 1136 3185 ¹raptus

187 3210 242 3266 est
267 3204 310 3267 ab
340 3204 486 3268 ecclesia
513 3204 556 3268 de
581 3203 715 3269 Divisis
744 3222 766 3266 a
792 3202 874 3267 viris
896 3202 1051 3280 armatis,
1077 3203 1135 3266 ubi

189 3303 395 3367 militaribus
422 3305 527 3367 armis
551 3303 712 3368 decenter
730 3303 873 3367 indutus
900 3303 992 3366 circa
1016 3303 1136 3366 horam

188 3402 256 3467 diei
280 3404 425 3487 primam
446 3397 497 3467 ²in
516 3403 682 3469 Walliam
707 3402 878 3467 adductus
905 3409 958 3466 est
979 3416 1020 3466 ac
1043 3403 1135 3484 regis

185 3502 344 3568 hostibus
357 3504 509 3568 sociatus
524 3505 627 3569 tertio
640 3502 807 3568 kalendas
825 3502 1045 3602 Novembris.

223 3709 337 3775 ’Βορέης
352 3713 390 3759 est
404 3708 435 3758 ab
448 3707 571 3771 'ecclesia.]
588 3707 649 3757 ‘Su·
709 3703 761 3755 ²12·
785 3705 901 3756 Wulliom
921 3696 1136 3771 adducturam]

187 3783 240 3832 bito
261 3780 442 3842 superveniens
460 3779 587 3827 Ricardus
603 3778 649 3839 Sy·
673 3776 781 3838 ‘Usque
795 3776 947 3837 Austiclire,
965 3777 991 3824 et
1008 3787 1136 3835 praepara-

184 3853 257 3903 ward
285 3852 343 3900 cam
370 3842 532 3898 multitudine
553 3853 650 3897 armata
673 3849 707 3896 tis
723 3848 759 3896 ibi
775 3847 892 3906 navibus,
908 3845 1038 3894 brachium
1050 3844 1136 3905 maris,

185 3924 310 3974 volantem
332 3919 443 3969 extraxit
462 3920 495 3968 de
516 3913 648 3980 ecclesia;’
673 3917 742 3978 quod
753 3917 789 3966 ibi
800 3917 909 3979 adjacet,
920 3915 1136 3976 transnavigantes

188 3994 281 4044 Cbron.
293 3992 388 4041 Dunst.
400 4006 427 4052 p.
437 3993 494 4040 221.
530 3989 588 4038 ‘Eo
603 4003 648 4038 uo-
672 3989 757 4049 ipsum
774 3987 919 4036 Hubertum
935 3987 962 4034 in
977 3989 1086 4034 castrum
1103 3983 1136 4031 de

184 4065 252 4115 lente
260 4058 277 4125 ;’
294 4061 395 4126 Wikes,
405 4076 432 4123 p.
443 4064 484 4110 42.
673 4058 792 4120 Strugoyl
801 4058 870 4108 ...in
878 4061 932 4106 tuto
942 4057 1112 4119 deposuerunt
1120 4047 1135 4118 ς’

674 4128 734 4179 itia.
745 4144 772 4195 p.
784 4132 825 4180 42.
