2864 4866
451 403 589 452 neonus
613 405 883 455 ursronmaun.
1077 390 1142 456 183

192 563 228 620 et
241 556 419 623 hominum
438 569 632 626 vestrorum
651 562 822 627 hostiliter
844 563 1033 644 ingressus,
1055 582 1137 628 con·
1150 578 1206 621 su·
1218 579 1274 622 12²⁹·

193 663 248 721 tra
279 658 390 740 legem
424 659 656 725 Christianam
691 663 843 727 decrevit
864 682 927 727 vos
956 664 994 726 in
1021 663 1137 744 gladio

191 757 328 822 vincere
352 761 535 839 materiali,
561 782 662 844 quem
689 780 759 825 non
786 764 900 844 potuit
925 762 1072 846 dejicere
1099 765 1136 827 in

192 855 320 936 gladio,
333 867 373 923 ut
384 861 520 936 asserit,
538 861 729 942 spirituali3
757 880 836 925 nam
852 861 876 925 J
879 860 1031 926 ohannes
1046 882 1135 945 prae-

192 953 296 1034 fatus,
318 957 360 1021 de
385 979 493 1041 regno
518 960 729 1024 Francorum
752 968 787 1024 et
809 961 886 1024 aliis
912 963 1133 1026 conterminis

191 1055 386 1136 regionibus
423 1059 581 1124 militiam
612 1060 818 1124 contrahens
848 1080 917 1124 non
951 1060 1132 1138 modicam,

190 1155 253 1218 sub
275 1175 337 1239 spe
359 1158 505 1239 imperii,
529 1160 559 1222 si
578 1179 640 1223 vos
664 1160 774 1242 possit
793 1160 964 1242 subigere,
982 1161 1024 1223 de
1041 1153 1133 1224 ¹the·

189 1256 299 1319 sancis
318 1258 518 1338 apostolicis
540 1259 612 1322 suis
638 1260 802 1323 militibus
819 1259 992 1341 stipendia
1012 1260 1132 1323 minis·

188 1361 269 1418 trat.
335 1357 459 1439 Itaque
480 1358 570 1422 idem
595 1358 774 1422 Johannes
799 1359 910 1423 etalii
931 1358 1022 1423 sedis
1045 1378 1129 1441 apo-

188 1454 320 1518 stolicae
345 1457 518 1540 principes
539 1459 672 1522 militiae
691 1465 818 1521 terram
839 1464 992 1522 vestram
1017 1466 1051 1522 et
1068 1458 1130 1522 ho-

187 1553 316 1618 minum
342 1564 535 1621 vestrorum
567 1557 738 1621 hostiliter
769 1557 917 1639 ingrcssi
947 1559 1062 1640 ignem
1094 1558 1130 1623 in

187 1653 340 1718 aedificiis
360 1664 395 1720 et
415 1656 507 1721 villis
531 1651 761 1735 accumulant,
784 1657 896 1740 spolia
918 1664 953 1721 et
973 1665 1131 1722 armenta

185 1755 336 1835 rapiunt,
353 1755 509 1820 homines
525 1764 646 1840 captos
665 1757 811 1821 diversis
832 1757 1041 1820 cruciatibus
1058 1766 1130 1822 tor·

186 1860 293 1934 quent
308 1863 343 1919 et
359 1854 402 1918 ad
420 1856 660 1937 gravissimam
687 1857 955 1939 redemptionem
979 1859 1129 1940 compel-

186 1952 273 2030 lunt,
295 1954 380 2017 nulli
399 1956 500 2018 sexui
522 1962 671 2038 parcunt
688 1976 751 2020 nec
769 1957 929 2038 cuiquam
950 1962 1051 2019 extra
1073 1976 1129 2021 ec·

186 2051 324 2116 clesiam
347 2054 403 2117 vel
425 2056 660 2119 coemeterium
685 2055 855 2132 deferunt,
875 2055 970 2119 vicos
998 2062 1033 2118 ct
1053 2075 1130 2120 cas-

185 2151 268 2215 tella
295 2154 448 2234 capiunt,
477 2174 546 2217 non
572 2154 738 2218 hahentes
765 2155 809 2218 ad
834 2154 899 2217 hoc
922 2161 1128 2237 respectum,

184 2251 274 2332 quod
291 2253 367 2315 sitis
385 2253 422 2314 in
438 2253 580 2317 servitio
593 2253 616 2317 J
619 2272 682 2317 esu
698 2253 849 2334 Christi;
875 2261 921 2328 et,
938 2255 969 2316 si
989 2255 1067 2337 quis
1085 2256 1128 2319 de

183 2350 389 2432 imperatore
410 2353 618 2417 mentionem
637 2352 733 2430 sacit,
751 2352 774 2416 J
777 2353 929 2417 ohannes
949 2352 991 2416 de
1009 2354 1126 2418 Breis·

183 2468 243 2513 nes
268 2449 416 2515 affirmat
438 2472 508 2516 non
535 2471 611 2515 esse
640 2452 746 2516 alium
772 2453 1014 2534 imperatorem
1037 2472 1126 2534 prae-

182 2553 235 2611 ter
251 2549 374 2631 ipsum.
427 2551 603 2615 Mirantur
622 2570 726 2635 super
742 2552 795 2614 his
812 2552 913 2616 amici
930 2552 1047 2628 vestri,
1063 2571 1125 2616 ex·

182 2648 423 2713 cellentissime
447 2651 646 2733 imperator,
669 2659 704 2714 et
724 2651 896 2732 praecipue
926 2650 1039 2713 clerus
1060 2652 1124 2714 im·

180 2749 265 2828 perii
297 2751 415 2826 vestri,
447 2769 517 2833 qua
550 2749 823 2814 consideratione
854 2757 889 2812 et
914 2750 1125 2814 conscientia

181 2846 267 2911 talia
289 2848 403 2912 facere
425 2856 541 2930 potest
561 2849 718 2931 pontifex
744 2849 923 2912 Romanus
946 2856 981 2912 ct
1003 2856 1125 2913 contra

181 2945 396 3011 Christianos
411 2967 508 3011 arma
523 2968 673 3026 movere,
690 2949 840 3011 maxime
857 2967 934 3011 cum
954 2947 1125 3012 Dominus

180 3045 308 3111 dixerit
337 3047 443 3112 Petro
468 3049 503 3111 in
528 3048 644 3129 gladio
668 3047 837 3111 materiali
861 3053 1040 3128 percutere
1065 3067 1126 3110 vo·

179 3144 276 3224 lenti,
299 3147 430 3210 ‘Mitte
451 3146 604 3228 gladium
629 3154 726 3211 tuum
748 3147 784 3209 in
807 3146 990 3227 vaginam3
1014 3145 1125 3209 omnis

179 3246 282 3324 enim,
308 3247 368 3328 qui
391 3248 598 3328 percusserit
618 3247 655 3309 in
677 3245 806 3327 gladio,
832 3245 948 3326 gladio
972 3245 1125 3326 peribit3'

178 3345 236 3408 vel
258 3365 328 3428 quo
351 3345 431 3429 jure
457 3346 569 3427 possit
590 3344 661 3422 ille,
692 3345 752 3427 qui
779 3345 879 3427 quasi
908 3345 1028 3407 diebus
1054 3344 1125 3406 sin·

179 3444 270 3524 gulis
301 3444 494 3527 praedones
524 3445 751 3508 incendiarios
786 3451 822 3507 ct
850 3442 1123 3507 Christianorum

178 3549 326 3607 tortores
359 3545 636 3608 excommunicat
667 3551 702 3607 et
732 3543 776 3606 ab
808 3543 962 3606 ecclesiae
990 3542 1123 3607 unitate

178 3650 329 3724 separat,
357 3643 486 3706 talibus
515 3662 694 3706 assensum
726 3642 879 3724 praehere
912 3649 948 3704 et
973 3642 1124 3705 auctori-

178 3748 284 3805 tatem
304 3750 483 3824 praestare,
506 3742 663 3806 similiter
679 3742 904 3805 admirantur.
958 3739 1123 3805 Provide·

177 3842 244 3904 atis
262 3861 365 3917 nunc,
385 3842 539 3918 obsecro,
554 3843 741 3924 imperator
758 3841 1009 3922 potentissime,
1025 3859 1124 3903 secu·

214 4015 366 4066 'Thesauris
384 4017 554 4080 apostolicis]
584 4017 637 4066 The
662 4016 732 4075 ortis,
750 4020 776 4065 to
796 4017 866 4066 show
886 4017 941 4066 thot
958 4015 1017 4077 they
1035 4015 1125 4077 fought

176 4088 264 4148 pope's
280 4087 386 4136 soldiers
397 4089 457 4136 bore
474 4101 504 4134 as
514 4085 580 4135 their
594 4087 639 4134 ‹le-
662 4086 701 4134 for
715 4086 758 4134 the
773 4087 853 4147 rights
868 4087 896 4136 of
910 4088 937 4136 S.
953 4085 1048 4146 Peter3
1067 4087 1123 4135 Ric.

175 4158 230 4206 vice
254 4157 296 4206 the
316 4156 381 4217 heys
402 4172 469 4218 upon
491 4156 534 4205 the
554 4156 639 4205 stand·
663 4156 695 4204 de
707 4155 733 4204 S.
746 4155 833 4206 Germ.
