2864 4866
440 413 578 462 rnoans
602 413 874 463 maronianum·
1090 400 1133 466 57

182 567 419 637 fortitudinem
436 571 602 636 audacter
618 572 821 637 invadentes
834 571 878 636 de
893 573 1014 655 praelio
1025 574 1133 656 turpi·
1145 592 1200 633 nn.
1213 590 1270 632 nu.

183 680 235 738 ter
251 672 462 756 fugaverunt
476 679 512 737 et
522 672 633 736 muita
650 692 694 736 ex
713 673 763 735 eis
780 672 890 737 millia
902 681 1131 755 peremerunt.

264 848 410 924 Qualiter
424 847 581 914 sonatur
597 870 723 936 rapacum
737 848 936 914 Hierusalem
949 847 1057 914 obtulit

328 949 579 1027 Christianiaut
543 971 616 1014 ua
566 949 779 1015 tDomietu
793 942 987 1014 Qraedarnt

234 1074 406 1141 Soldauus
436 1076 555 1158 igitur,
583 1075 784 1139 convocatis
814 1076 1037 1158 magnatibus
1060 1072 1288 1139 suisrraomsc

185 1181 221 1240 et
240 1176 444 1240 consiliariis
472 1175 691 1253 fidelissimis,
722 1174 804 1239 dum
832 1185 922 1240 esset
945 1176 981 1237 in
1008 1140 1286 1238 meutisl'1⁸21⁸t⁰a‘11¹'lrthe

185 1277 329 1358 angaria
352 1276 574 1352 constitutus,
596 1295 712 1340 coram
734 1276 784 1340 eis
808 1282 862 1339 est
880 1275 1017 1339 locutus
1042 1275 1134 1339 hunc

186 1377 222 1439 in
236 1376 395 1456 modum3
419 1381 429 1412 ‘
440 1376 561 1455 Deus‚’
577 1376 702 1459 inquit,
720 1374 870 1440 ‘Christ'
845 1383 1019 1440 tranorum
1039 1394 1135 1456 mag-

187 1494 253 1540 nus
283 1483 349 1554 est,
380 1475 489 1540 tidelis
517 1483 553 1541 et
574 1484 698 1559 potens
729 1476 766 1538 in
795 1476 925 1557 praelio,
956 1475 1049 1558 quod
1071 1494 1135 1538 nos

187 1576 486 1659 comprobavimus
519 1596 650 1654 omnes,
679 1582 716 1639 et
741 1578 891 1640 maxime
921 1576 958 1639 in
988 1575 1053 1639 hoc
1082 1575 1135 1638 in-

187 1678 296 1742 stanti
325 1675 485 1754 articnlo,
513 1676 549 1740 in
579 1695 648 1758 quo
682 1675 864 1740 manifeste
892 1682 1030 1758 pugnat
1055 1694 1138 1739 con·

188 1785 245 1842 tra
277 1796 342 1842 nos
372 1796 435 1860 pro
466 1776 613 1840 inimicis
642 1777 783 1853 nostris,
813 1783 848 1840 et
879 1775 999 1859 procul
1032 1775 1136 1839 dubio

188 1877 302 1941 inanis
334 1878 400 1941 erit
431 1877 523 1942 actio
553 1883 672 1941 nostra
704 1884 792 1954 tota,
825 1876 989 1959 quamdiu
1019 1874 1137 1938 fideles

187 1977 300 2060 ipsum
333 1977 509 2041 habebunt
535 1976 737 2059 placabilem
769 1976 974 2061 adjutorem.
1035 1975 1137 2052 Ecce,

187 2076 345 2141 imminet
366 2077 481 2158 captio
505 2077 691 2154 Damietae,
713 2096 791 2158 quae
817 2077 926 2140 clavis
954 2082 1007 2139 est
1029 2076 1136 2139 totius

189 2177 358 2260 AEgypti3
382 2195 460 2260 quae
481 2176 511 2240 si
532 2184 636 2258 capta
655 2177 773 2254 fuerit,
789 2176 826 2239 in
845 2176 1035 2240 maximum
1057 2194 1137 2239 nos·

188 2285 280 2340 trum
314 2282 350 2340 ct
380 2274 467 2358 legis
506 2284 634 2341 nostrae
672 2277 853 2360 proveniet
882 2277 1138 2353 detrimentum,

188 2377 283 2459 quia,
308 2394 386 2440 cum
415 2375 591 2441 multoties
622 2377 761 2459 tegatur
789 2398 811 2440 a
841 2375 1048 2441 Christianis
1075 2377 1136 2439 ob·

188 2495 297 2554 sessa,
319 2495 496 2559 nunquam
514 2483 631 2540 tamen
648 2476 776 2559 legitur
793 2478 993 2562 subjugata.
1035 2476 1137 2540 Unde

188 2577 288 2641 nobis
316 2575 401 2640 utile
430 2596 520 2654 reor,
545 2583 585 2640 ut
607 2576 789 2640 reddamus
818 2577 896 2642 Deo
923 2576 1138 2641 Christiano·

189 2697 265 2768 rum
289 2696 331 2740 ea
354 2696 433 2759 quae
455 2695 522 2740 sua
542 2675 682 2741 fuerunt
703 2677 829 2754 omnia,
863 2696 907 2741 ne
929 2676 1032 2741 simul
1057 2695 1137 2739 cum

189 2777 261 2842 suis
284 2776 420 2841 auferat
442 2796 464 2841 a
485 2776 584 2841 nobis
608 2795 687 2859 quae
712 2784 831 2841 nostra
855 2796 932 2869 esse
953 2776 1137 2855 videntur;

87 2935 89 2940 ,
189 2877 306 2961 sicque
340 2897 420 2941 cum
443 2877 562 2961 justus
592 2875 638 2940 sit
661 2883 697 2940 ct
722 2877 836 2940 aliena
857 2897 927 2941 non
955 2876 1137 2958 concupis·

190 2985 259 3056 cat,
296 2977 326 3041 si
360 2977 450 3041 hanc
489 2997 611 3060 pacem
645 2976 839 3041 recusarint
869 2984 907 3040 et
936 2976 1136 3057 aequitatem

191 3075 391 3154 Christiani,
420 3078 572 3141 maxime
598 3077 664 3141 sibi
687 3084 760 3141 tam
788 3076 1035 3153 honorabilem,
1056 3095 1137 3156 pro·

189 3178 364 3241 vocabunt
383 3177 498 3241 Deum
519 3196 619 3240 suum
642 3177 679 3239 in
702 3177 819 3240 odium
844 3177 898 3239 sui
924 3196 986 3259 per
1010 3195 1136 3239 concu-

187 3277 393 3360 piscentiam
419 3278 586 3359 iniquam,
620 3282 655 3340 et
683 3277 733 3340 sic
763 3276 988 3358 superborum
1019 3294 1137 3358 asper·

189 3381 291 3441 nator
317 3378 361 3440 ab
393 3378 443 3440 eis
471 3375 618 3452 recedet,
648 3376 891 3458 habebuntque
916 3377 1135 3457 impugnato-

187 3495 271 3553 rem,
288 3494 390 3558 quem
406 3476 598 3540 habuerunt
613 3476 799 3558 propitium
821 3475 1039 3560 adjutorem.’
1091 3474 1137 3539 Et

189 3575 269 3640 licet
291 3576 356 3640 hoc
379 3576 561 3640 consilium
583 3576 701 3641 multis
723 3576 931 3657 displiceret,
954 3575 1069 3639 missis
1084 3582 1138 3638 ta·

189 3695 268 3740 men
293 3677 424 3740 nuntiis
447 3676 654 3740 Christianis
682 3670 826 3739 ²obtulit
846 3695 964 3739 veram
990 3695 1139 3752 crucem,

192 3796 271 3860 quae
297 3776 380 3840 olim
407 3795 429 3838 a
456 3775 643 3839 Salaadino
670 3782 774 3857 capta
801 3775 927 3852 fuerat,
956 3795 1033 3838 cum
1056 3793 1139 3857 cap·

192 3877 275 3942 tivis
294 3876 452 3940 omuibus
469 3876 529 3958 qui
550 3895 612 3958 per
633 3894 777 3956 regnum
801 3875 990 3957 Babylonis
1013 3881 1049 3937 et
1066 3874 1141 3937 Da-

192 3976 300 4041 masci
337 3976 410 4040 vivi
447 3982 608 4057 poterant
642 3975 796 4057 reperiri,
833 3994 911 4038 cum
945 3974 1140 4056 sumptibus

224 4120 417 4194 ¹Recedrrcnt.]
442 4124 611 4174 ‘Recederet'
627 4125 653 4173 in
679 4125 711 4175 de
729 4126 853 4187 vitriaco,
871 4142 897 4187 p.
918 4130 998 4186 114ος
1024 4141 1141 4186 compare

191 4198 249 4247 MS.
682 4196 816 4258 Michaud,
828 4197 898 4246 Hist.
910 4196 956 4246 des
972 4197 1054 4247 Croiu.
1066 4196 1104 4245 iii.
1115 4211 1143 4257 p.

225 4264 350 4317 'Obtulit
360 4281 441 4317 ueram
457 4259 572 4334 crucem]
595 4266 654 4316 Jac.
682 4269 740 4316 469.

1145 1241 1213 1280 cairo
