2864 4866
339 409 383 472 22
598 422 731 469 noorai
756 423 803 469 nn
826 421 1032 471 wuuuovua

181 597 304 692 ppt-lew·
342 584 459 660 etiam,
479 581 584 666 quod,
601 582 632 645 si
649 580 790 660 vellent,
812 587 1000 664 potuerunt
1017 579 1212 662 ingressum
1230 578 1294 643 ha·
1384 599 1387 604 ·

182 700 277 743 incola·
344 685 423 748 bere
444 702 506 765 per
528 682 753 766 posterulam,
775 701 853 764 quae
871 687 1013 764 propter
1034 680 1223 745 adventum
1237 699 1296 744 eo-

344 803 420 847 rum
448 782 562 847 fuerat
578 783 655 867 jam
679 789 825 864 aperta3
859 781 968 845 atilli
989 799 1149 862 peream
1173 781 1294 845 nolue-

345 890 427 948 runt
442 901 560 947 omnes
575 883 717 959 intrare,
737 882 798 946 sed
815 881 983 945 miserunt
1000 880 1196 944 Falcasium
1215 900 1294 944 cum

346 983 484 1066 agmine
504 991 579 1048 toto
600 983 656 1046 cui
678 988 839 1065 praeerat,
858 988 986 1047 etcum
1007 980 1195 1045 balistariis
1218 1000 1293 1045 om·

347 1084 460 1160 nibus,
483 1083 543 1165 qui
571 1089 708 1165 portam
738 1082 890 1146 civitatis
915 1081 1038 1146 saltem
1066 1099 1171 1143 unam
1197 1099 1295 1144 exer-

347 1182 432 1247 citui
462 1183 648 1265 aperirent.
716 1182 852 1246 Deinde
886 1182 997 1246 omnis
1030 1179 1217 1244 multitudo
1249 1180 1296 1244 ad

346 1290 483 1365 portam
505 1302 543 1347 se
562 1282 798 1365 aquilonarem
821 1282 1000 1347 conferens
1021 1281 1117 1345 illam
1143 1279 1295 1344 confrin-

347 1402 429 1464 gere
453 1384 614 1462 vacavit3
649 1402 713 1446 nec
739 1390 881 1467 propter
909 1381 984 1446 haec
1009 1382 1156 1445 barones
1183 1399 1297 1444 cessa-

348 1483 433 1546 bant
458 1482 500 1546 dc
525 1483 685 1565 petrariis
713 1483 757 1546 ad
779 1483 959 1548 castellum
981 1481 1114 1564 lapides
1138 1481 1295 1544 emittere

348 1582 570 1664 ponderosos,
641 1582 708 1646 Sed
748 1583 928 1647 Falcasius
966 1582 1104 1646 interim
1142 1587 1297 1645 castrum

349 1701 427 1745 cum
448 1683 597 1764 agmine,
613 1683 669 1747 cui
684 1691 844 1764 praeerat,
864 1702 906 1747 ac
925 1680 1113 1745 balistariis
1135 1681 1296 1745 omuibus

349 1783 527 1863 ingressus
561 1783 685 1846 statuit
715 1801 775 1846 eos
804 1781 919 1847 subito
952 1801 1058 1864 supra
1087 1800 1204 1845 muros
1234 1780 1296 1844 do·

349 1901 480 1946 morum
521 1890 556 1946 et
588 1882 625 1945 in
659 1883 930 1965 propugnaculis
968 1882 1085 1959 castri,
1116 1882 1176 1964 qui
1202 1880 1297 1947 illico

350 1981 420 2045 tela
439 1981 616 2046 mortifera
637 1982 673 2045 in
694 1983 889 2046 dextrarios
912 1983 1081 2047 baronum
1109 1981 1297 2063 dirigentes

350 2100 456 2164 equos
481 2101 559 2145 cum
584 2083 775 2147 sessoribus
796 2083 867 2146 suis
889 2090 1154 2164 prostraverunt
1172 2082 1210 2145 in
1226 2088 1296 2145 ter-

348 2199 436 2258 ram,
457 2181 509 2246 ita
531 2181 623 2264 quod
641 2184 740 2265 quasi
762 2183 800 2246 in
821 2183 894 2246 ictu
911 2182 1002 2245 ocull
1024 2181 1176 2264 peditum
1197 2200 1297 2244 max·

348 2281 466 2358 imam,
494 2281 642 2345 militum
666 2301 708 2345 ac
732 2289 947 2364 magnatum,
972 2280 1226 2345 multitudinem
1250 2281 1298 2345 ef·

349 2380 517 2445 fecerunt.
569 2381 702 2445 Videns
731 2390 847 2446 autem
870 2381 1052 2446 Falcasius
1080 2401 1125 2444 ex
1153 2379 1300 2444 nobilio·

350 2481 445 2543 ribus
467 2480 741 2545 adversariorum
765 2501 905 2546 suorum
925 2482 1092 2565 plurimos
1115 2481 1298 2545 interram

350 2587 555 2661 prostratos,
574 2583 732 2664 prorupit
749 2582 791 2646 de
813 2589 928 2648 castro
948 2602 1027 2646 curn
1044 2581 1116 2645 suis
1134 2580 1300 2646 audacter

350 2680 386 2741 in
407 2680 558 2744 medium
576 2681 747 2762 hostium3
776 2682 837 2747 sed
861 2685 905 2746 ab
927 2682 1137 2747 irruentibus
1159 2682 1298 2762 ineum

349 2779 544 2860 legionibus
574 2787 697 2864 captus
730 2791 783 2846 est
812 2790 847 2848 et
877 2783 1060 2859 abductus,
1091 2781 1201 2845 donec
1236 2801 1299 2864 per

349 2880 557 2960 probitatem
599 2880 855 2947 balistariorum
895 2903 936 2947 ac
978 2883 1125 2946 militum
1157 2901 1299 2946 suorum

349 2977 515 3045 liberatus
548 2989 612 3046 est.
675 2981 816 3048 Interea
845 2983 954 3048 moles
984 2983 1092 3047 totius
1125 2982 1298 3047 exercitus

349 3080 454 3160 regis,
471 3081 591 3165 januis
616 3081 769 3147 civitatis
796 3082 877 3147 licet
895 3102 971 3146 cum
992 3082 1194 3147 difficultate
1219 3101 1298 3146 con·

350 3178 481 3258 fractis,
512 3182 630 3246 villam
660 3181 857 3264 ingrediens
886 3183 1051 3248 audacter
1077 3182 1236 3267 prorupit
1260 3183 1297 3246 in

350 3276 478 3344 hostes.
529 3282 629 3346 Tunc
654 3284 789 3348 videres
816 3283 925 3366 igitur
956 3302 1001 3347 ex
1029 3284 1156 3349 ictibus
1188 3282 1299 3363 gladi-

350 3397 448 3442 orum
481 3381 601 3462 igneas
634 3383 792 3464 prosilire
822 3382 992 3448 scintillas
1024 3388 1059 3446 et
1087 3381 1131 3444 ad
1158 3381 1297 3445 modum

350 3477 496 3542 tonitrui
528 3478 701 3546 horribilis
728 3482 911 3547 fulminare
940 3489 1061 3547 contra
1089 3481 1205 3563 capita
1236 3502 1299 3564 ga-

350 3577 466 3656 leata3
496 3577 557 3640 sed
574 3579 712 3643 tandem
734 3600 797 3664 per
818 3581 1027 3659 balistarios,
1050 3601 1194 3665 quorum
1217 3601 1298 3664 pro·

349 3677 458 3742 bitate
473 3678 564 3759 equi,
579 3678 753 3763 inquibus
769 3681 936 3745 sedebant
949 3681 1108 3760 barones,
1122 3683 1199 3747 telis
1217 3701 1296 3746 con-

349 3775 433 3840 fossi
457 3784 540 3842 sunt
565 3779 667 3842 etad
691 3781 802 3845 instar
826 3799 1008 3864 porcorum
1025 3781 1191 3865 jugulati,
1216 3801 1297 3864 pars

348 3877 517 3942 baronum
539 3878 606 3943 fuit
626 3881 764 3961 penitus
786 3881 972 3958 infirmata,
1001 3901 1135 3963 nempe,
1158 3882 1297 3965 quando

348 3979 428 4059 equi
446 3977 483 4042 in
502 3986 629 4043 terram
647 3989 849 4046 corruerunt
863 3981 1047 4059 interfecti,
1071 4001 1222 4046 sessores
1239 4001 1298 4046 eo·

346 4097 423 4141 rum
444 4080 679 4160 capiebantur,
703 4100 780 4144 cum
802 4102 870 4146 non
896 4088 989 4147 esset
1010 4081 1069 4165 qui
1089 4102 1148 4146 eos
1173 4082 1297 4145 libera-

347 4184 411 4242 ret.
464 4178 618 4243 Tandem
645 4200 722 4244 cum
750 4183 841 4264 regis
870 4183 1003 4262 militia,
1029 4183 1214 4247 baronibus
1240 4202 1297 4264 pe·
