2864 4866
356 378 421 442 328
612 393 743 440 nocam
768 394 814 439 nn
837 392 1045 441 wunnovna

196 568 250 656 aba.
262 570 319 636 na}-
358 553 471 634 pimus
489 553 526 615 in
543 552 693 629 excelso,
711 558 750 615 ut
764 571 824 634 per
841 551 930 614 diem
948 559 984 614 et
998 559 1134 615 noctem
1152 544 1308 614 fidelium

196 619 339 708 {affigetis
357 653 449 716 oculi
475 651 603 715 doloris
638 652 849 734 lachrymam
876 650 1082 714 deducentes
1112 670 1182 714 non
1209 657 1307 714 tace·

196 720 291 834 “umus
358 759 431 829 ant,
457 760 504 830 et,
527 751 635 815 donec
663 752 867 815 misereatur
892 750 1076 826 DominuS,
1097 770 1168 813 non
1190 751 1307 832 quies-

358 859 451 916 cant.
504 851 731 915 Lamentatur
755 857 884 926 autem,
905 851 988 933 quia
1009 850 1132 913 domus
1156 850 1307 925 caelestis

358 953 470 1032 paniS,
491 970 590 1014 mons
613 950 719 1034 Syon,
742 949 832 1013 unde
856 950 914 1013 lex
937 949 1035 1027 exiit,
1052 949 1176 1012 civitas
1195 948 1307 1030 Regis

358 1051 487 1132 magni,
509 1050 552 1113 de
578 1070 648 1132 qua
670 1050 764 1113 dicta
790 1057 872 1113 sunt
892 1049 1002 1112 multa
1025 1049 1189 1130 gloriosa,
1211 1055 1307 1113 terra

358 1169 461 1234 quam
492 1150 560 1213 Dei
589 1150 698 1213 Filius
722 1149 801 1212 suso
824 1168 887 1231 pro
916 1150 1016 1212 nobis
1042 1166 1107 1212 suo
1136 1149 1306 1230 sanguine

358 1251 584 1327 consecravit,
601 1250 698 1331 regni
715 1249 820 1312 robur
834 1255 869 1312 et
883 1248 1172 1331 pulchritudinem
1189 1248 1305 1330 perdi·

359 1348 420 1412 dit.
467 1350 558 1427 Flet,
574 1350 657 1432 quia
669 1348 841 1432 quondam
852 1349 962 1411 libera
975 1349 1038 1410 sub
1052 1348 1168 1430 impiae
1184 1355 1306 1432 tyran·

359 1449 447 1512 nidis
460 1449 548 1532 jugo
565 1449 681 1526 servit.
723 1448 849 1530 Luget,
863 1449 956 1530 quia,
973 1448 1032 1511 ubi
1048 1466 1169 1530 pacem
1186 1448 1305 1513 multi·

358 1547 443 1611 tudo
461 1549 592 1612 militiae
616 1547 765 1612 caelestis
787 1549 922 1624 cecinit,
940 1549 987 1612 ibi
1009 1566 1170 1631 pressura
1190 1550 1305 1629 gentis

357 1648 637 1712 immundissimae
655 1648 831 1725 scandala,
854 1648 1047 1711 simultates
1064 1655 1100 1712 et
1116 1647 1306 1713 schismata

357 1749 551 1825 suscitavit,
575 1768 615 1812 ac
638 1749 808 1812 innovans
826 1748 969 1812 exordia
984 1747 1183 1829 praeliorum
1208 1749 1305 1812 misit

358 1848 399 1910 ad
425 1848 664 1912 desiderabilia
689 1867 827 1912 manum
851 1867 962 1925 suam,
984 1847 1168 1911 sacerdotii
1194 1855 1229 1912 et
1248 1867 1305 1911 sa-

357 1966 493 2011 crorum
512 1948 668 2012 ordinum
687 1949 764 2031 pias
783 1949 878 2031 leges
894 1955 929 2011 et
945 1947 1053 2030 ipsius
1071 1955 1205 2010 naturae
1220 1947 1303 2030 jura

357 2047 515 2129 relegans
536 2067 557 2111 a
573 2048 702 2130 templo
718 2048 872 2122 Domini,
889 2047 1035 2111 diversis
1056 2047 1104 2110 ibi
1126 2048 1302 2128 spurcitiis

356 2155 393 2210 et
414 2148 723 2212 abominationibus
752 2147 982 2226 introductis3
1015 2154 1050 2210 et
1070 2146 1148 2210 ideo
1171 2146 1303 2211 Hieru-

356 2247 463 2310 salem
496 2248 532 2310 in
562 2249 635 2311 suis
666 2248 780 2312 derisa
810 2246 963 2311 sabbatis
988 2246 1179 2323 obsorduit,
1201 2249 1303 2331 quasi

355 2347 489 2428 polluta
504 2347 687 2411 menstruis
701 2349 792 2412 inter
803 2347 928 2411 hostes.
970 2346 1063 2412 Nam
1076 2347 1158 2410 licet
1171 2346 1302 2410 dudum

356 2448 533 2510 carissimo
558 2449 593 2511 in
614 2446 753 2512 Christo
773 2447 845 2510 filio
867 2454 985 2510 nostro
1007 2446 1203 2524 Frederico,
1227 2447 1301 2511 Ro·
1359 2488 1362 2493 «

355 2565 534 2609 manorum
559 2547 771 2629 imperatori,
793 2567 928 2628 semper
945 2554 1106 2628 augusto,
1130 2545 1302 2610 Hierusa-

354 2645 421 2707 lem
440 2653 474 2709 et
489 2645 617 2709 Siciliae
637 2648 709 2728 regi
729 2646 867 2722 illustri,
881 2647 1004 2710 civitas
1024 2646 1156 2722 eadem,
1173 2654 1302 2729 practer

354 2746 519 2827 templum
551 2746 704 2824 Domini,
734 2747 838 2809 suerit
865 2747 1038 2822 restituta,
1061 2752 1189 2822 tamen,
1210 2747 1301 2831 ‘quia

353 2844 450 2908 Deus
470 2845 687 2926 omnipotens
703 2854 786 2910 tunc
808 2846 1082 2928 magnificentius
1101 2865 1205 2927 agere
1221 2865 1300 2911 cum

353 2945 481 3026 populo
516 2945 713 3010 Christiano
737 2965 806 3009 non
832 2945 968 3029 adjecit,
993 2947 1181 3027 imperator
1207 2967 1299 3028 prae·

352 3045 465 3108 dictus
491 3052 632 3127 treugas
662 3046 738 3110 iniit
766 3064 842 3108 cum
869 3045 1032 3123 Soldano,
1058 3065 1204 3128 quarum
1230 3054 1300 3110 ter-

351 3145 465 3207 minus
496 3144 582 3208 adeo
612 3153 666 3210 est
691 3146 837 3220 vicinus,
866 3144 956 3227 quod
982 3153 1117 3226 tempus
1145 3146 1295 3210 medium

350 3245 596 3326 praeparationi
612 3245 673 3308 vix
692 3244 848 3309 sufficere
867 3244 1029 3322 creditur,
1048 3244 1114 3308 nisi
1136 3245 1179 3308 ad
1202 3266 1299 3328 quae-

350 3363 418 3425 que
450 3345 644 3408 necessaria
682 3364 743 3427 per
776 3344 1093 3427 promptitudinem,
1127 3364 1224 3427 spem
1262 3353 1298 3410 et

349 3441 519 3508 fervorem
553 3444 632 3507 fidei
664 3445 856 3508 festinetur.
910 3442 965 3507 Ad
996 3445 1072 3527 ejus
1105 3464 1188 3526 crgo
1217 3465 1296 3509 suc-

349 3562 487 3606 cursum
523 3543 656 3606 nullum
681 3544 808 3608 taedeat
834 3545 1059 3626 peregrinari,
1087 3551 1123 3608 et
1146 3564 1210 3626 pro
1234 3565 1297 3627 pa-

348 3643 417 3705 tria
438 3651 571 3708 certare
594 3663 670 3706 cum
696 3664 758 3726 spe
775 3643 942 3720 victoriae,
959 3664 1022 3726 pro
1044 3664 1172 3707 corona
1195 3645 1295 3722 mori,

319 3761 410 3839 'pro
433 3745 519 3820 vita,
541 3763 604 3825 pro
632 3744 700 3807 Illo
726 3744 897 3808 sustinere
923 3745 967 3806 ad
990 3750 1126 3826 tempus
1151 3743 1238 3808 dura
1260 3753 1295 3809 et

347 3841 473 3917 tristia,
485 3844 557 3925 qui,
571 3844 771 3908 confusione
787 3850 998 3926 contempta,
1012 3852 1116 3926 sputo
1131 3864 1293 3927 consper-

346 3959 418 4017 sus,
439 3941 593 4024 colaphis
617 3963 739 4021 oaesuS,
759 3944 907 4025 flagellis
929 3943 1087 4020 afflictuS,
1104 3945 1215 4026 spinis
1237 3963 1293 4009 co-

345 4049 500 4119 ronatuS,
526 4062 642 4106 coram
667 4042 784 4107 Pilato
807 4043 896 4120 sisti,
918 4051 1084 4127 tanquam
1107 4044 1293 4108 multorum

345 4141 524 4206 criminum
554 4162 646 4220 reus,
676 4144 830 4226 pertulit,
853 4143 895 4207 ad
921 4143 1079 4209 ultimum
1106 4144 1293 4209 crucifixus
