2864 4866
351 395 418 461 272
609 410 743 460 aornar
767 410 814 457 nn
837 379 1044 458 wannovnn

190 586 315 626 aarum·
354 569 468 653 posito
484 569 694 654 juramento,
713 567 806 652 quod
829 568 1083 632 nulluseorum
1108 574 1230 638 contra
1252 588 1307 632 re-

354 690 431 753 gem
456 670 530 733 sine
550 670 660 745 altero
681 669 915 734 concordaret.
967 668 1068 731 Tunc
1090 667 1126 731 in
1151 669 1305 732 crastino

354 769 601 853 assumptionis
634 770 747 833 beatae
778 768 902 833 Mariae
937 769 1178 851 applicuerunt
1212 768 1305 850 apud

353 871 530 937 Doveram
557 869 622 934 viri
649 868 774 933 armati
793 868 893 932 multi
913 888 958 931 ex
975 868 1172 950 regionibus
1192 875 1307 932 traus-

353 971 495 1034 marinis
515 970 692 1034 venientes
713 967 810 1033 etad
833 988 949 1050 regem
968 968 1061 1051 apud
1077 967 1304 1032 Gloveruiam

353 1076 611 1153 pervenerunt;
645 1076 682 1133 at
705 1088 769 1132 rex
788 1067 926 1132 illorum
949 1075 985 1132 et
1009 1068 1153 1132 aliorum
1175 1068 1305 1132 multo·

353 1190 429 1234 rum
449 1170 602 1236 vallatus
624 1169 773 1233 catervis
803 1168 847 1231 ad
871 1167 1161 1233 Herefordensem
1183 1169 1304 1232 urbem

353 1269 544 1334 exereitum
557 1269 741 1352 promovit.

401 1443 451 1508 Do
466 1442 590 1528 injuria
612 1440 760 1519 Walter,
774 1439 973 1506 Karleolensi
986 1440 1133 1526 episeopo,
1147 1439 1255 1506 illata.

190 1583 236 1673 1213
245 1582 319 1674 bilffior
404 1567 473 1632 Per
496 1569 585 1632 idem
608 1575 744 1650 tempus
758 1566 949 1644 WalteruS,
969 1566 1207 1631 Karleolensis
1228 1568 1303 1651 epi·

189 1646 319 1776 {efflauit
353 1688 492 1752 scopuS,
517 1662 595 1751 ¹pr0
623 1667 828 1751 quibusdam
852 1665 989 1750 injuriis
1012 1685 1034 1729 a
1057 1685 1138 1748 rege
1166 1668 1244 1745 sibi,
1262 1674 1302 1732 ut

262 1762 268 1774 ’
353 1769 503 1847 dicebat,
530 1767 649 1845 illatis,
680 1768 773 1850 apud
798 1768 974 1831 Doveram
998 1784 1123 1831 navem
1151 1774 1226 1831 erat
1250 1767 1303 1829 iu·

296 1869 299 1872 ’
353 1888 506 1950 gressus
532 1876 573 1933 ut
597 1867 858 1947 transfretaret;
884 1873 1159 1948 supervenerunt
1185 1873 1301 1930 autem

353 1968 493 2050 quidam
517 1966 666 2031 ministri
692 1967 785 2048 regis
812 1965 989 2050 ejicientes
1021 1985 1098 2029 eum
1128 1986 1206 2029 cnm
1229 1967 1302 2030 suis

354 2067 513 2133 omuibus
530 2067 679 2144 denari,
698 2074 734 2131 et
748 2065 891 2130 firmiter
905 2084 950 2129 ex
967 2072 1067 2147 parte
1087 2066 1195 2148 ipsius
1210 2066 1303 2148 regis

353 2168 591 2250 prohibebant,
619 2186 663 2230 ne
692 2166 823 2249 absque
843 2165 937 2229 illius
964 2164 1104 2230 licentia
1125 2165 1168 2229 de
1193 2184 1302 2247 regno

266 2306 268 2310 ν
354 2268 477 2332 exiret.
525 2265 703 2350 Applicuit
721 2272 834 2329 autem
852 2271 1018 2347 tempore,
1034 2284 1103 2346 quo
1120 2264 1195 2328 haee
1209 2265 1303 2330 sacta

292 2375 293 2379 ’
354 2374 454 2431 erant
472 2367 610 2444 ibidem,
633 2366 806 2448 Rogerus,
827 2363 1079 2428 Londoniensis
1107 2365 1302 2447 episcopus,

353 2484 375 2528 a
397 2466 494 2530 curia
514 2465 676 2531 Romana
703 2484 872 2541 reversus,
896 2463 956 2546 qui
981 2463 1102 2528 videns
1123 2463 1299 2548 iujuriam,

353 2584 431 2647 quae
460 2566 607 2648 praefato
629 2565 841 2629 inferebatur
867 2564 1041 2647 episcopo,
1066 2566 1301 2628 excommuni-

355 2664 449 2729 cavit
469 2684 599 2741 omnes,
622 2665 681 2748 qui
706 2665 743 2728 in
765 2684 843 2728 eum
866 2683 988 2728 manus
1014 2663 1205 2748 injecerant
1225 2665 1302 2730 vio-

352 2763 478 2843 lentas,
501 2772 536 2828 et
560 2763 639 2829 inde
661 2764 837 2848 profectus
859 2764 902 2828 ad
929 2782 1043 2846 regem
1067 2764 1201 2829 invenit
1221 2784 1301 2828 eum

353 2864 444 2947 apud
468 2865 588 2930 urbem
610 2863 900 2929 Herefordensem
928 2863 963 2927 iu
985 2863 1117 2928 Wallia
1137 2863 1215 2929 cum
1239 2883 1303 2928 ex·

353 2964 463 3028 ercitu
485 2963 649 3047 copi0s0;
681 2965 740 3028 ubi
764 2964 801 3027 in
826 2963 1013 3047 praesentia
1038 2963 1129 3045 regis
1157 2971 1193 3028 et
1214 2985 1302 3047 quo·

354 3064 500 3127 rundam
532 3064 771 3147 episcoporum
805 3063 848 3128 de
880 3062 1047 3127 violentia
1080 3062 1301 3138 Karleolensi

353 3162 516 3247 episcopo
546 3164 646 3228 illata
675 3163 908 3246 supradictam
934 3163 1300 3228 excommunicationis

353 3264 559 3327 sententiam
572 3263 764 3340 innovavit,
792 3283 862 3337 non
879 3261 1097 3326 mediocriter
1109 3283 1192 3345 rege
1209 3283 1302 3327 mur-

353 3370 524 3441 murante,
547 3370 594 3442 et,
620 3384 663 3429 ne
688 3363 792 3427 talem
817 3363 921 3427 ferret
942 3363 1161 3441 sententiam,
1183 3363 1301 3446 prohi-

353 3463 478 3541 bente;
503 3483 580 3527 cum
602 3483 671 3546 quo
694 3463 798 3527 etiam
815 3463 1008 3546 omnesqui
1031 3462 1215 3527 adfuerunt
1230 3464 1303 3547 epi-

352 3563 450 3645 scopi
491 3563 570 3628 illos
603 3562 987 3628 excommunicaverunt
1020 3561 1213 3641 universos
1243 3564 1303 3646 qui

351 3662 457 3746 hujus
473 3663 743 3744 perturbationis
758 3663 973 3727 occasionem
990 3664 1216 3744 praestabant.

387 3879 462 3930 ¹Pro
494 3882 634 3947 quibusdam
668 3883 775 3946 injuriis.
804 3885 816 3948 ]
841 3887 964 3937 custodiis
975 3892 1001 3936 et
1010 3889 1151 3949 questibus
1162 3889 1304 3954 spoliatur?

352 3951 466 4002 ‘Officio
482 3953 634 4004 thesaurarii
652 3961 678 4005 et
700 3955 815 4005 omnibus
842 3957 936 4009 Chron.
947 3959 1041 4008 Dunst.
1052 3975 1079 4021 p.
1092 3964 1149 4012 221.
