2864 4866
338 400 403 465 198
597 419 732 468 rosum
756 418 803 467 un
826 416 1035 467 wunnerus

179 592 235 634 Ab·
246 591 302 630 122⁹·
341 585 376 642 et
403 576 556 641 castellis
585 577 679 642 illius
708 583 823 654 terrae,
854 593 959 658 quam
988 570 1159 637 Dominus
1185 566 1208 631 J
1212 585 1293 630 esus

256 672 258 676 '
342 676 501 741 Christus
535 677 607 741 suis
642 677 772 742 sanctis
806 675 952 759 pedihus
984 669 1135 736 calcavit
1163 676 1197 731 et
1228 687 1293 730 suo

341 794 441 841 sacro
463 777 633 859 sanguine
654 774 882 842 consecravit.

342 928 408 1015 Hir
413 958 576 1036 poneretur
591 949 721 1035 quidam
736 968 877 1025 erasas,
892 947 928 1011 in
942 945 1051 1032 quibas
1058 963 1151 1032 popo
1166 940 1294 1008 comit

612 1050 830 1136 imperatorem
844 1068 903 1112 osso
917 1067 1014 1112 ream,

183 1183 306 1234 merore·
393 1160 502 1238 Venit
528 1174 647 1237 eodem
675 1152 830 1255 tempore
860 1171 898 1234 in
930 1169 1113 1252 Angliam·
1128 1164 1294 1247 magister

181 1247 255 1275 canses
263 1236 287 1274 ol

182 1286 311 1384 mili,
344 1271 553 1355 Stephanus,
577 1271 708 1337 domini
733 1289 835 1355 papae
863 1270 1064 1353 capellanus
1092 1275 1128 1331 et
1150 1265 1293 1329 nuntius

183 1395 284 1435 emperor·
344 1372 387 1434 ad
410 1391 526 1455 regem
548 1372 756 1456 Anglorum,
786 1371 913 1435 missus
936 1377 976 1435 ut
1002 1367 1181 1449 colligeret
1202 1364 1294 1428 dcci-

344 1488 419 1535 mas
440 1473 580 1537 domino
600 1492 703 1556 papae
724 1490 746 1534 a
767 1471 899 1535 nuntiis
920 1470 1030 1553 ipsius
1052 1467 1144 1549 regis
1171 1465 1294 1529 Romae

345 1572 532 1653 promissas
549 1573 593 1636 ad
615 1591 774 1656 guerram
795 1590 894 1636 suam
917 1567 1153 1634 sustinendam
1173 1571 1295 1628 contra

344 1671 586 1753 imperatorem
617 1671 854 1736 Romanorum
886 1675 1104 1752 susceptam3
1138 1665 1296 1729 audierat

346 1770 435 1835 enim
467 1771 557 1836 idem
589 1791 682 1856 papa
709 1773 751 1835 de
779 1772 984 1853 imperatore
1012 1765 1158 1851 praelato
1185 1763 1297 1827 multa

346 1871 562 1949 detestanda,
584 1892 662 1956 quae
684 1872 833 1936 faciebat
855 1877 977 1935 contra
997 1869 1109 1950 legem
1128 1864 1296 1929 Christia-

346 1988 440 2047 nam,
465 1992 611 2055 quorum
635 1980 790 2036 tenorem
814 1971 850 2034 in
872 1970 1040 2052 scriptum
1057 1966 1217 2048 redigens
1234 1983 1297 2046 per

347 2070 503 2135 diversas
522 2073 614 2136 orbis
632 2079 750 2155 partes
765 2071 876 2135 literis
897 2066 1098 2153 apostolicis
1120 2064 1297 2149 publicare

347 2171 494 2235 curavit.
547 2166 752 2254 ¹Proposuit
776 2177 892 2235 autam
917 2176 1040 2233 contra
1067 2186 1145 2231 eum
1167 2165 1204 2228 in
1226 2163 1298 2246 pri-

347 2271 425 2344 mis,
454 2271 547 2354 qnod
573 2273 608 2335 in
635 2271 690 2335 die
714 2269 993 2335 annunciationis
1022 2270 1133 2332 beatae
1160 2264 1297 2340 Mariae,

349 2389 426 2433 cum
443 2377 535 2434 esset
549 2371 878 2447 excommunicatus,
891 2369 1035 2434 intravit
1051 2365 1230 2431 ecelesiam
1244 2383 1298 2428 se-

349 2468 484 2552 pulchri
506 2471 617 2534 sancti
642 2471 679 2534 in
702 2470 924 2534 Hierusalem
946 2476 982 2533 et
1005 2467 1052 2531 ibi
1075 2473 1155 2531 ante
1180 2464 1296 2547 majus

350 2568 460 2632 altare
487 2569 627 2653 propria
654 2589 856 2634 manusese
883 2567 1075 2644 coronavit,
1098 2574 1133 2630 et
1161 2565 1212 2628 ita
1239 2583 1297 2627 eo·

350 2677 494 2732 ronatns
515 2669 642 2735 resedit
664 2671 701 2733 in
725 2668 890 2734 cathedra
915 2667 1171 2752 patriarchatus
1194 2673 1229 2729 et
1249 2663 1296 2726 ihi

350 2768 552 2850 praedicavit
565 2770 707 2852 populo,
729 2768 928 2834 excusando
950 2767 1117 2832 malitiam
1141 2785 1239 2829 suam
1263 2770 1299 2827 et

349 2870 545 2934 accusando
582 2870 763 2934 ecelesiam
799 2868 1007 2946 Romanam,
1042 2867 1221 2949 imponens
1254 2863 1298 2941 ei,

351 2967 443 3049 quod
483 2969 613 3053 injuste
646 2976 862 3052 processerat
895 2974 1017 3033 contra
1049 2986 1149 3045 eum3
1186 2971 1221 3028 et
1247 2963 1298 3026 sic

342 3084 511 3150 *egressus
538 3071 582 3133 ab
608 3070 755 3134 eeclesia
780 3070 817 3132 in
841 3068 1005 3133 comitatu
1030 3066 1218 3130 satellitum
1243 3082 1299 3125 su·

351 3188 461 3245 orum,
488 3169 562 3233 sine
585 3170 678 3235 omni
702 3188 851 3253 persona
875 3166 1121 3242 ecclesiastiea,
1145 3163 1300 3249 portavit

351 3288 513 3332 coronam
535 3288 646 3353 usque
676 3269 720 3332 ad
749 3268 918 3352 palatium
947 3266 1154 3349 Hospitalis
1207 3264 1299 3328 Item

350 3368 387 3430 in
407 3369 539 3451 palatio
563 3387 627 3434 suo
648 3368 848 3435 Achonensi
862 3367 943 3432 fecit
959 3366 1138 3431 convivari
1154 3365 1298 3428 Sarace-

350 3487 427 3544 nos,
444 3476 479 3533 et
493 3469 576 3534 lecit
596 3470 646 3534 eis
665 3469 793 3533 habere
809 3469 969 3532 mulieres
992 3466 1208 3530 Christianas
1230 3462 1301 3528 sal-

350 3568 491 3631 tatrices
516 3568 560 3632 ad
588 3569 775 3633 ludendum
798 3587 915 3633 coram
939 3567 1001 3643 eis,
1024 3572 1071 3643 et,
1098 3572 1138 3629 ut
1164 3565 1300 3629 diceba·

351 3672 420 3742 tur,
435 3669 743 3732 commiscebantur
757 3670 820 3733 eis.
861 3667 965 3744 Item,
981 3665 1094 3730 soedus
1112 3664 1205 3748 quod
1221 3663 1301 3727 iniit

351 3782 429 3827 cum
456 3766 620 3845 Soldano,
645 3788 747 3832 nemo
771 3768 876 3832 scivit
896 3786 966 3850 qua
990 3764 1185 3830 conditione
1207 3770 1300 3828 trae·
1342 3837 1345 3845 ¹

352 3870 463 3927 tatum
479 3865 546 3930 suit
564 3865 655 3931 inter
669 3887 739 3946 eos,
758 3868 825 3931 nisi
842 3867 917 3950 ipse
934 3866 1052 3946 solus3
1073 3870 1300 3930 veruntamen

387 4059 640 4133 ¹Proposritoutem.]
658 4067 779 4117 Theium
787 4068 817 4116 of
838 4065 948 4118 counted
958 4064 1001 4115 the
1013 4063 1140 4127 principal
1149 4078 1252 4115 reasons
1262 4065 1302 4115 sor

349 4132 392 4181 the
404 4138 522 4184 sentence
534 4136 562 4184 ot
569 4139 812 4188 excommunication
839 4136 992 4200 proceeding
1002 4139 1028 4185 to
1039 4134 1102 4186 such
1113 4148 1147 4183 an
1158 4136 1301 4199 extremity,

350 4202 451 4264 against
461 4204 590 4271 Prederic,
598 4207 716 4259 inwhich
724 4223 767 4259 are
776 4223 815 4258 re·
839 4208 861 4257 is
872 4206 972 4270 printed
983 4206 1009 4254 in
1021 4205 1159 4268 Raynaldi,
1169 4204 1197 4255 ii.
1209 4220 1235 4266 p.
1249 4209 1289 4257 12.
