2864 4866
362 385 406 450 94
620 403 755 450 nocnar
779 402 825 449 nn
849 401 1057 449 wnunovnn

200 577 255 617 Ab·
267 576 322 617 1²²4·
363 570 436 628 tate
453 571 603 647 recepta,
621 558 712 628 ¹sine
726 562 905 645 sanguinis
920 563 1085 627 effusione
1107 562 1151 626 ad
1174 565 1315 647 propria

363 665 505 748 pacifice
522 664 699 729 remeavit.
753 663 817 727 Est
832 670 949 727 autem
966 663 1119 745 Rupella
1140 671 1261 746 portus
1278 666 1314 727 in

301 783 304 787 ·
364 764 533 844 Pictavia,
555 766 613 829 ubi
636 783 735 846 reges
757 761 951 845 Anglorum
978 770 1014 828 et
1037 762 1165 828 milites
1186 763 1230 829 ad
1254 765 1315 828 de-

362 866 551 930 fensionem
568 867 749 948 regionum
769 864 908 927 illarum
931 863 1107 947 applicare
1124 883 1313 929 consueve-

361 972 453 1043 rant,
477 966 602 1048 quibus
624 985 715 1029 nunc
733 964 790 1029 via
811 963 982 1046 praeclusa
1004 971 1058 1027 est
1073 983 1136 1046 per
1156 963 1313 1042 insidias,

361 1085 439 1147 qnae
456 1067 522 1130 sibi
538 1086 560 1129 a
575 1066 645 1130 suis
662 1065 849 1129 baronibus
864 1064 900 1127 in
915 1063 1047 1146 Anglia
1064 1065 1287 1147 parabantur.

427 1239 476 1303 De
490 1237 643 1305 obsidione
658 1240 754 1304 castri
768 1239 1005 1324 Bcdcfhrdeusis
1018 1248 1047 1304 et
1061 1239 1098 1305 da
1114 1238 1243 1304 murillo

700 1339 971 1405 Norlcmtouansi.

200 1478 320 1569 gounpflor
411 1465 482 1530 Per
508 1467 598 1531 idem
621 1474 757 1550 tempus
780 1472 1015 1531 convenerunt
1036 1465 1080 1529 ad
1103 1464 1313 1547 colloquium

199 1535 253 1620 nist
269 1540 326 1580 ’ψ
360 1566 396 1629 in
427 1568 561 1632 octavis
595 1575 725 1632 sanctae
755 1567 940 1630 Trinitatis
971 1565 1064 1648 apud
1098 1565 1312 1631 Norbamto·

361 1686 442 1731 nam
470 1687 533 1731 rex
562 1687 640 1731 cum
664 1667 944 1751 archiepiscopis,
967 1666 1149 1749 episcopis,
1177 1665 1312 1730 comiti-

360 1768 437 1846 buS,
459 1768 645 1832 baronibus
666 1768 796 1832 et'aliis
820 1767 951 1844 multis,
976 1767 1019 1830 de
1042 1768 1141 1849 regni
1162 1767 1313 1849 negotiis

361 1869 568 1948 tractatum
599 1869 711 1933 voluit
733 1868 822 1933 enirn
845 1888 909 1932 rex
929 1867 981 1931 uti
1002 1867 1146 1931 consilio
1169 1887 1313 1949 magna·
1386 1947 1389 1952 1

361 1974 433 2032 tum
468 1988 609 2034 suorum
639 1968 682 2032 de
712 1969 814 2033 terris
843 1967 1095 2048 transmarinis,
1127 1986 1215 2050 quas
1248 1987 1312 2032 rex

362 2068 574 2133 Francorum
596 2069 764 2153 paulatim
783 2075 1026 2150 occupaverat,
1049 2067 1109 2132 sed
1135 2087 1236 2132 secus
1254 2088 1312 2132 ac·

361 2168 445 2233 cidit
469 2189 575 2252 quam
597 2171 772 2253 sperabat.
825 2168 960 2250 Nempe
988 2167 1128 2232 fuerunt
1154 2187 1195 2232 eo
1226 2174 1311 2233 tem·

360 2288 444 2350 pore
476 2271 569 2352 apud
595 2269 842 2353 Dunstapliam
869 2267 1056 2351 justiciarii
1088 2268 1192 2350 regiS,
1224 2288 1312 2351 quos

362 2369 597 2434 ‘itinerantes’
612 2370 837 2452 appellamus
854 2368 1029 2433 Martinus
1040 2369 1173 2433 scilicet
1185 2368 1228 2432 de
1242 2367 1312 2432 Pa-

363 2468 522 2547 teshulle,
533 2470 685 2534 Thomas
702 2470 744 2535 de
760 2468 952 2546 Muletona,
965 2467 1139 2533 Henricus
1157 2469 1199 2534 de
1212 2468 1311 2533 Brai-

361 2570 455 2647 broc,
479 2577 514 2634 et
543 2570 614 2647 alii,
638 2571 697 2653 qui
720 2570 846 2634 ibidem
872 2571 1036 2633 tenebant
1062 2570 1191 2652 placita
1218 2571 1312 2653 regis

361 2669 404 2732 de
430 2690 522 2735 nova
547 2670 753 2750 dissaisina3
788 2669 848 2734 ubi
880 2668 1060 2734 Falcasius
1090 2669 1182 2733 inter
1210 2670 1311 2749 alios,

362 2770 422 2851 qui
450 2770 577 2835 multos
606 2770 828 2854 spoliaverat,
859 2769 984 2834 cecidit
1008 2769 1044 2832 in
1075 2770 1312 2835 misericordia

361 2869 454 2951 regis
468 2871 511 2935 de
528 2872 712 2954 plusquam
727 2871 874 2952 triginta
894 2870 1035 2953 paribus
1056 2869 1246 2947 literarum,-
1268 2871 1313 2935 de

360 2970 485 3052 quibus
509 2972 656 3055 singulis
679 2973 714 3035 in
739 2978 878 3036 centum
895 2971 992 3034 libris
1014 2989 1097 3052 erga
1115 2990 1231 3052 regem
1251 2970 1311 3035 de·

360 3071 483 3136 buerat
508 3073 741 3136 condemnari.
794 3070 875 3135 Hoc
901 3072 1019 3154 itaque
1042 3089 1121 3134 cum
1149 3071 1310 3135 Falcasio

360 3169 474 3236 fuerat
495 3172 702 3250 intimatum,
727 3173 837 3235 iratus
862 3178 916 3235 est
938 3170 1061 3250 valde3
1096 3170 1187 3235 unde
1208 3171 1310 3234 nimis

361 3269 555 3337 inconsulte
573 3291 681 3355 agens
692 3273 799 3356 jussit
817 3271 995 3348 militibus,
1016 3271 1078 3354 qui
1093 3272 1129 3334 in
1146 3271 1310 3354 praesidio

362 3371 466 3434 castri
497 3372 761 3437 Bedesordensis
795 3378 906 3448 erant,
941 3378 1112 3452 quatenus
1138 3372 1175 3434 in
1203 3390 1310 3436 manu

361 3479 497 3535 armata
524 3473 569 3535 ad
592 3472 836 3554 Dunstapliam
866 3471 1068 3534 accedentes
1094 3471 1310 3555 justiciarios

361 3571 526 3652 praefatos
563 3578 726 3653 caperent
767 3578 872 3653 atque
915 3570 1062 3635 vinculis
1103 3571 1311 3636 constrictos

361 3670 453 3752 apud
476 3677 627 3734 castrum
650 3671 693 3734 de
724 3670 894 3735 Bedeford
914 3671 950 3734 iu
976 3671 1222 3736 obscuritatem
1250 3671 1311 3735 de·

360 3770 538 3835 truderent
557 3771 773 3836 carceralem.
820 3771 887 3835 Sed
909 3770 1095 3854 justiciarii
1120 3772 1205 3836 talia
1225 3792 1310 3855 cog-

360 3877 541 3936 noscentes
567 3879 783 3948 rccesserunt
799 3891 877 3935 cum
900 3870 1131 3950 festinatione,
1154 3891 1223 3956 quo
1245 3872 1312 3937 im-

395 4067 471 4120 ¹Sine
486 4071 819 4138 sanguiniseffurioae.]1n
844 4075 894 4123 and
911 4073 991 4123 killed
1010 4089 1085 4136 many
1097 4075 1127 4125 ol
1140 4075 1183 4124 the
1203 4090 1310 4139 enemy3

358 4140 400 4189 the
429 4141 523 4192 Dunet.
552 4143 645 4193 Chron.
673 4143 770 4205 Sarary
786 4144 818 4193 de
843 4161 869 4207 p.
882 4148 939 4195 14⁰.

359 4210 480 4262 Mauleon
491 4213 514 4262 is
525 4214 581 4262 said
592 4218 617 4262 to
626 4213 691 4264 have
702 4215 819 4280 resisted,
