<?xml version="1.0" encoding="UTF-8"?>
<!DOCTYPE html PUBLIC "-//W3C//DTD XHTML 1.0 Transitional//EN"
    "http://www.w3.org/TR/xhtml1/DTD/xhtml1-transitional.dtd">
<html xmlns="http://www.w3.org/1999/xhtml" xml:lang="en" lang="en">
 <head>
  <title>
</title>
<meta http-equiv="Content-Type" content="text/html;charset=utf-8" />
  <meta name='ocr-system' content='tesseract 3.04.00' />
  <meta name='ocr-capabilities' content='ocr_page ocr_carea ocr_par ocr_line ocrx_word'/>
</head>
<body>
  <div class='ocr_page' id='page_1' title='image "./rogeridewendove03rogegoog_0165.png"; bbox 0 0 2864 4866; ppageno 0'>
   <div class='ocr_carea' id='block_1_1' title="bbox 322 392 1018 458">
    <p class='ocr_par' dir='ltr' id='par_1_1' title="bbox 322 392 1018 458">
     <span class='ocr_line' id='line_1_1' title="bbox 322 392 1018 458; baseline -0.001 -3"><span class='ocrx_word' id='word_1_1' title='bbox 322 392 388 456; x_wconf 86' lang='grc'><strong>154</strong></span> <span class='ocrx_word' id='word_1_2' title='bbox 581 409 716 457; x_wconf 79' lang='lat' dir='ltr'><strong>uocum</strong></span> <span class='ocrx_word' id='word_1_3' title='bbox 740 410 787 456; x_wconf 85' lang='lat' dir='ltr'><strong>on</strong></span> <span class='ocrx_word' id='word_1_4' title='bbox 811 407 1018 458; x_wconf 81' lang='lat' dir='ltr'><strong>wnnoovuu</strong></span> 
     </span>
    </p>
   </div>
   <div class='ocr_carea' id='block_1_2' title="bbox 163 564 1279 3830">
    <p class='ocr_par' dir='ltr' id='par_1_2' title="bbox 163 564 1279 3830">
     <span class='ocr_line' id='line_1_2' title="bbox 163 564 1274 649; baseline -0.004 -19"><span class='ocrx_word' id='word_1_5' title='bbox 163 583 217 624; x_wconf 72' lang='lat' dir='ltr'><strong>un·</strong></span> <span class='ocrx_word' id='word_1_6' title='bbox 229 582 284 622; x_wconf 80' lang='lat'><strong>122⁷·</strong></span> <span class='ocrx_word' id='word_1_7' title='bbox 322 567 481 631; x_wconf 89' lang='lat' dir='ltr'><strong>laborum</strong></span> <span class='ocrx_word' id='word_1_8' title='bbox 500 567 671 649; x_wconf 86' lang='lat' dir='ltr'><strong>acciperet</strong></span> <span class='ocrx_word' id='word_1_9' title='bbox 693 585 856 630; x_wconf 87' lang='lat' dir='ltr'><strong>coronam</strong></span> <span class='ocrx_word' id='word_1_10' title='bbox 877 567 971 643; x_wconf 85' lang='lat' dir='ltr'><strong>vitae,</strong></span> <span class='ocrx_word' id='word_1_11' title='bbox 991 584 1095 647; x_wconf 90' lang='lat' dir='ltr'><strong>quam</strong></span> <span class='ocrx_word' id='word_1_12' title='bbox 1115 564 1213 627; x_wconf 88' lang='lat' dir='ltr'><strong>Deus</strong></span> <span class='ocrx_word' id='word_1_13' title='bbox 1236 583 1274 627; x_wconf 89' lang='lat' dir='ltr'><strong>se</strong></span> 
     </span>
     <span class='ocr_line' id='line_1_3' title="bbox 324 664 1272 751; baseline -0.004 -21"><span class='ocrx_word' id='word_1_14' title='bbox 324 667 548 748; x_wconf 80' lang='lat' dir='ltr'><strong>diligentibus</strong></span> <span class='ocrx_word' id='word_1_15' title='bbox 577 668 782 751; x_wconf 81' lang='lat' dir='ltr'><strong>repromisit.</strong></span> <span class='ocrx_word' id='word_1_16' title='bbox 847 667 972 748; x_wconf 88' lang='lat' dir='ltr'><strong>ltaque</strong></span> <span class='ocrx_word' id='word_1_17' title='bbox 995 665 1116 747; x_wconf 89' lang='lat' dir='ltr'><strong>quinto</strong></span> <span class='ocrx_word' id='word_1_18' title='bbox 1139 664 1272 727; x_wconf 92' lang='lat' dir='ltr'><strong>decimo</strong></span> 
     </span>
     <span class='ocr_line' id='line_1_4' title="bbox 325 767 1275 848; baseline -0.006 -17"><span class='ocrx_word' id='word_1_19' title='bbox 325 768 380 831; x_wconf 90' lang='lat' dir='ltr'><strong>die</strong></span> <span class='ocrx_word' id='word_1_20' title='bbox 406 774 488 831; x_wconf 89' lang='lat' dir='ltr'><strong>ante</strong></span> <span class='ocrx_word' id='word_1_21' title='bbox 514 768 648 831; x_wconf 87' lang='lat' dir='ltr'><strong>exitum</strong></span> <span class='ocrx_word' id='word_1_22' title='bbox 677 786 778 831; x_wconf 89' lang='lat' dir='ltr'><strong>suum</strong></span> <span class='ocrx_word' id='word_1_23' title='bbox 800 767 843 830; x_wconf 87' lang='lat' dir='ltr'><strong>de</strong></span> <span class='ocrx_word' id='word_1_24' title='bbox 872 785 1014 848; x_wconf 89' lang='lat' dir='ltr'><strong>corpore</strong></span> <span class='ocrx_word' id='word_1_25' title='bbox 1038 769 1275 847; x_wconf 87' lang='lat' dir='ltr'><strong>apparuerunt</strong></span> 
     </span>
     <span class='ocr_line' id='line_1_5' title="bbox 324 865 1273 950; baseline -0.006 -18"><span class='ocrx_word' id='word_1_26' title='bbox 324 867 470 932; x_wconf 81' lang='lat' dir='ltr'><strong>vulnera</strong></span> <span class='ocrx_word' id='word_1_27' title='bbox 491 868 527 930; x_wconf 91' lang='lat' dir='ltr'><strong>in</strong></span> <span class='ocrx_word' id='word_1_28' title='bbox 553 868 712 932; x_wconf 92' lang='lat' dir='ltr'><strong>manibus</strong></span> <span class='ocrx_word' id='word_1_29' title='bbox 745 867 820 950; x_wconf 92' lang='lat' dir='ltr'><strong>ejus</strong></span> <span class='ocrx_word' id='word_1_30' title='bbox 843 865 1041 948; x_wconf 89' lang='lat' dir='ltr'><strong>etpedibus</strong></span> <span class='ocrx_word' id='word_1_31' title='bbox 1069 865 1273 946; x_wconf 81' lang='lat' dir='ltr'><strong>sanguinem</strong></span> 
     </span>
     <span class='ocr_line' id='line_1_6' title="bbox 321 964 1273 1050; baseline -0.006 -18"><span class='ocrx_word' id='word_1_32' title='bbox 321 968 455 1050; x_wconf 85' lang='lat' dir='ltr'><strong>jugiter</strong></span> <span class='ocrx_word' id='word_1_33' title='bbox 475 968 680 1045; x_wconf 81' lang='lat' dir='ltr'><strong>emittentia,</strong></span> <span class='ocrx_word' id='word_1_34' title='bbox 707 968 797 1031; x_wconf 91' lang='lat' dir='ltr'><strong>sicut</strong></span> <span class='ocrx_word' id='word_1_35' title='bbox 819 968 856 1029; x_wconf 92' lang='lat' dir='ltr'><strong>in</strong></span> <span class='ocrx_word' id='word_1_36' title='bbox 884 965 1004 1030; x_wconf 87' lang='lat' dir='ltr'><strong>mundi</strong></span> <span class='ocrx_word' id='word_1_37' title='bbox 1029 965 1213 1028; x_wconf 87' lang='lat' dir='ltr'><strong>Salvatore</strong></span> <span class='ocrx_word' id='word_1_38' title='bbox 1236 964 1273 1027; x_wconf 92' lang='lat' dir='ltr'><strong>in</strong></span> 
     </span>
     <span class='ocr_line' id='line_1_7' title="bbox 324 1065 1274 1150; baseline -0.003 -20"><span class='ocrx_word' id='word_1_39' title='bbox 324 1066 421 1148; x_wconf 85' lang='lat' dir='ltr'><strong>ligno</strong></span> <span class='ocrx_word' id='word_1_40' title='bbox 442 1068 613 1150; x_wconf 87' lang='lat' dir='ltr'><strong>pendente</strong></span> <span class='ocrx_word' id='word_1_41' title='bbox 630 1073 861 1150; x_wconf 81' lang='lat' dir='ltr'><strong>apparuerant</strong></span> <span class='ocrx_word' id='word_1_42' title='bbox 878 1085 955 1130; x_wconf 92' lang='lat' dir='ltr'><strong>cum</strong></span> <span class='ocrx_word' id='word_1_43' title='bbox 976 1065 1235 1146; x_wconf 81' lang='lat' dir='ltr'><strong>crucifigeretur</strong></span> <span class='ocrx_word' id='word_1_44' title='bbox 1252 1082 1274 1127; x_wconf 89' lang='lat' dir='ltr'><strong>a</strong></span> 
     </span>
     <span class='ocr_line' id='line_1_8' title="bbox 325 1164 1273 1250; baseline -0.005 -19"><span class='ocrx_word' id='word_1_45' title='bbox 325 1166 349 1230; x_wconf 89' lang='lat' dir='ltr'>J</span> <span class='ocrx_word' id='word_1_46' title='bbox 351 1167 472 1231; x_wconf 88' lang='lat' dir='ltr'><strong>udaeis.</strong></span> <span class='ocrx_word' id='word_1_47' title='bbox 519 1167 628 1231; x_wconf 89' lang='lat' dir='ltr'><strong>Latus</strong></span> <span class='ocrx_word' id='word_1_48' title='bbox 644 1187 781 1250; x_wconf 92' lang='lat' dir='ltr'><strong>quoque</strong></span> <span class='ocrx_word' id='word_1_49' title='bbox 798 1167 873 1250; x_wconf 89' lang='lat' dir='ltr'><strong>ejus</strong></span> <span class='ocrx_word' id='word_1_50' title='bbox 895 1167 1057 1230; x_wconf 86' lang='lat' dir='ltr'><strong>dextrum</strong></span> <span class='ocrx_word' id='word_1_51' title='bbox 1071 1164 1159 1228; x_wconf 92' lang='lat' dir='ltr'><strong>adeo</strong></span> <span class='ocrx_word' id='word_1_52' title='bbox 1176 1184 1273 1246; x_wconf 88' lang='lat' dir='ltr'><strong>aper-</strong></span> 
     </span>
     <span class='ocr_line' id='line_1_9' title="bbox 325 1265 1274 1350; baseline -0.002 -20"><span class='ocrx_word' id='word_1_53' title='bbox 325 1274 400 1330; x_wconf 90' lang='lat' dir='ltr'><strong>tum</strong></span> <span class='ocrx_word' id='word_1_54' title='bbox 422 1274 457 1331; x_wconf 90' lang='lat' dir='ltr'><strong>et</strong></span> <span class='ocrx_word' id='word_1_55' title='bbox 477 1286 598 1333; x_wconf 88' lang='lat' dir='ltr'><strong>cruore</strong></span> <span class='ocrx_word' id='word_1_56' title='bbox 620 1286 814 1350; x_wconf 86' lang='lat' dir='ltr'><strong>respersum</strong></span> <span class='ocrx_word' id='word_1_57' title='bbox 841 1267 1014 1350; x_wconf 90' lang='lat' dir='ltr'><strong>apparuit,</strong></span> <span class='ocrx_word' id='word_1_58' title='bbox 1037 1273 1077 1330; x_wconf 90' lang='lat' dir='ltr'><strong>ut</strong></span> <span class='ocrx_word' id='word_1_59' title='bbox 1094 1265 1198 1329; x_wconf 90' lang='lat' dir='ltr'><strong>etiam</strong></span> <span class='ocrx_word' id='word_1_60' title='bbox 1220 1284 1274 1328; x_wconf 88' lang='lat' dir='ltr'><strong>se·</strong></span> 
     </span>
     <span class='ocr_line' id='line_1_10' title="bbox 326 1364 1274 1450; baseline -0.003 -20"><span class='ocrx_word' id='word_1_61' title='bbox 326 1375 421 1431; x_wconf 90' lang='lat' dir='ltr'><strong>creta</strong></span> <span class='ocrx_word' id='word_1_62' title='bbox 442 1368 555 1432; x_wconf 89' lang='lat' dir='ltr'><strong>cordis</strong></span> <span class='ocrx_word' id='word_1_63' title='bbox 577 1369 699 1432; x_wconf 92' lang='lat' dir='ltr'><strong>intima</strong></span> <span class='ocrx_word' id='word_1_64' title='bbox 719 1367 903 1450; x_wconf 87' lang='lat' dir='ltr'><strong>perspicua</strong></span> <span class='ocrx_word' id='word_1_65' title='bbox 920 1367 1126 1432; x_wconf 89' lang='lat' dir='ltr'><strong>viderentur.</strong></span> <span class='ocrx_word' id='word_1_66' title='bbox 1180 1364 1274 1443; x_wconf 82' lang='lat' dir='ltr'><strong>Quid</strong></span> 
     </span>
     <span class='ocr_line' id='line_1_11' title="bbox 326 1465 1273 1548; baseline -0.003 -18"><span class='ocrx_word' id='word_1_67' title='bbox 326 1469 434 1548; x_wconf 80' lang='lat' dir='ltr'><strong>ergol</strong></span> <span class='ocrx_word' id='word_1_68' title='bbox 464 1468 578 1532; x_wconf 81' lang='lat' dir='ltr'><strong>factus</strong></span> <span class='ocrx_word' id='word_1_69' title='bbox 604 1475 657 1532; x_wconf 89' lang='lat' dir='ltr'><strong>est</strong></span> <span class='ocrx_word' id='word_1_70' title='bbox 691 1468 735 1532; x_wconf 91' lang='lat' dir='ltr'><strong>ad</strong></span> <span class='ocrx_word' id='word_1_71' title='bbox 767 1487 846 1534; x_wconf 93' lang='lat' dir='ltr'><strong>eum</strong></span> <span class='ocrx_word' id='word_1_72' title='bbox 878 1486 1066 1532; x_wconf 85' lang='lat' dir='ltr'><strong>concursus</strong></span> <span class='ocrx_word' id='word_1_73' title='bbox 1096 1465 1273 1530; x_wconf 92' lang='lat' dir='ltr'><strong>hominum</strong></span> 
     </span>
     <span class='ocr_line' id='line_1_12' title="bbox 326 1566 1274 1650; baseline -0.001 -22"><span class='ocrx_word' id='word_1_74' title='bbox 326 1567 507 1650; x_wconf 88' lang='lat' dir='ltr'><strong>utriusque</strong></span> <span class='ocrx_word' id='word_1_75' title='bbox 544 1586 650 1632; x_wconf 88' lang='lat' dir='ltr'><strong>sexus</strong></span> <span class='ocrx_word' id='word_1_76' title='bbox 682 1588 754 1632; x_wconf 88' lang='lat' dir='ltr'><strong>rem</strong></span> <span class='ocrx_word' id='word_1_77' title='bbox 784 1575 855 1632; x_wconf 90' lang='lat' dir='ltr'><strong>tam</strong></span> <span class='ocrx_word' id='word_1_78' title='bbox 892 1566 1068 1632; x_wconf 88' lang='lat' dir='ltr'><strong>insolitam</strong></span> <span class='ocrx_word' id='word_1_79' title='bbox 1101 1566 1274 1628; x_wconf 87' lang='lat' dir='ltr'><strong>admiran-</strong></span> 
     </span>
     <span class='ocr_line' id='line_1_13' title="bbox 327 1666 1274 1751; baseline -0.001 -22"><span class='ocrx_word' id='word_1_80' title='bbox 327 1666 441 1746; x_wconf 85' lang='lat' dir='ltr'><strong>tium3</strong></span> <span class='ocrx_word' id='word_1_81' title='bbox 473 1669 564 1731; x_wconf 89' lang='lat' dir='ltr'><strong>inter</strong></span> <span class='ocrx_word' id='word_1_82' title='bbox 600 1687 687 1750; x_wconf 93' lang='lat' dir='ltr'><strong>quos</strong></span> <span class='ocrx_word' id='word_1_83' title='bbox 720 1669 827 1732; x_wconf 89' lang='lat' dir='ltr'><strong>etiam</strong></span> <span class='ocrx_word' id='word_1_84' title='bbox 854 1668 922 1751; x_wconf 93' lang='lat' dir='ltr'><strong>ipsi</strong></span> <span class='ocrx_word' id='word_1_85' title='bbox 952 1666 1144 1731; x_wconf 85' lang='lat' dir='ltr'><strong>cardinales</strong></span> <span class='ocrx_word' id='word_1_86' title='bbox 1177 1684 1274 1729; x_wconf 90' lang='lat' dir='ltr'><strong>acee-</strong></span> 
     </span>
     <span class='ocr_line' id='line_1_14' title="bbox 327 1766 1273 1849; baseline -0.001 -19"><span class='ocrx_word' id='word_1_87' title='bbox 327 1767 449 1830; x_wconf 88' lang='lat' dir='ltr'><strong>dentes</strong></span> <span class='ocrx_word' id='word_1_88' title='bbox 482 1768 750 1832; x_wconf 85' lang='lat' dir='ltr'><strong>sciscitabantur</strong></span> <span class='ocrx_word' id='word_1_89' title='bbox 789 1768 832 1832; x_wconf 90' lang='lat' dir='ltr'><strong>ab</strong></span> <span class='ocrx_word' id='word_1_90' title='bbox 864 1788 921 1844; x_wconf 87' lang='lat' dir='ltr'><strong>eo,</strong></span> <span class='ocrx_word' id='word_1_91' title='bbox 961 1767 1045 1849; x_wconf 91' lang='lat' dir='ltr'><strong>quid</strong></span> <span class='ocrx_word' id='word_1_92' title='bbox 1080 1766 1154 1830; x_wconf 91' lang='lat' dir='ltr'><strong>haec</strong></span> <span class='ocrx_word' id='word_1_93' title='bbox 1185 1766 1273 1829; x_wconf 89' lang='lat' dir='ltr'><strong>visio</strong></span> 
     </span>
     <span class='ocr_line' id='line_1_15' title="bbox 327 1865 1275 1950; baseline -0.001 -21"><span class='ocrx_word' id='word_1_94' title='bbox 327 1867 393 1929; x_wconf 86' lang='lat' dir='ltr'><strong>sibi</strong></span> <span class='ocrx_word' id='word_1_95' title='bbox 413 1867 528 1931; x_wconf 78' lang='lat' dir='ltr'><strong>vellet.</strong></span> <span class='ocrx_word' id='word_1_96' title='bbox 580 1867 721 1945; x_wconf 88' lang='lat' dir='ltr'><strong>‘Haec,’</strong></span> <span class='ocrx_word' id='word_1_97' title='bbox 742 1867 867 1950; x_wconf 90' lang='lat' dir='ltr'><strong>inquit,</strong></span> <span class='ocrx_word' id='word_1_98' title='bbox 883 1868 996 1932; x_wconf 89' lang='lat' dir='ltr'><strong>‘visio</strong></span> <span class='ocrx_word' id='word_1_99' title='bbox 1012 1867 1049 1929; x_wconf 90' lang='lat' dir='ltr'><strong>in</strong></span> <span class='ocrx_word' id='word_1_100' title='bbox 1071 1887 1126 1930; x_wconf 92' lang='lat' dir='ltr'><strong>me</strong></span> <span class='ocrx_word' id='word_1_101' title='bbox 1147 1865 1275 1929; x_wconf 88' lang='lat' dir='ltr'><strong>idcireo</strong></span> 
     </span>
     <span class='ocr_line' id='line_1_16' title="bbox 327 1965 1275 2050; baseline -0.001 -21"><span class='ocrx_word' id='word_1_102' title='bbox 327 1973 467 2030; x_wconf 87' lang='lat' dir='ltr'><strong>ostensa</strong></span> <span class='ocrx_word' id='word_1_103' title='bbox 490 1974 554 2045; x_wconf 92' lang='lat' dir='ltr'><strong>est,</strong></span> <span class='ocrx_word' id='word_1_104' title='bbox 571 1969 696 2049; x_wconf 89' lang='lat' dir='ltr'><strong>quibus</strong></span> <span class='ocrx_word' id='word_1_105' title='bbox 719 1968 921 2050; x_wconf 90' lang='lat' dir='ltr'><strong>mysterium</strong></span> <span class='ocrx_word' id='word_1_106' title='bbox 944 1966 1055 2030; x_wconf 92' lang='lat' dir='ltr'><strong>crucis</strong></span> <span class='ocrx_word' id='word_1_107' title='bbox 1076 1965 1275 2047; x_wconf 86' lang='lat' dir='ltr'><strong>praedicavi,</strong></span> 
     </span>
     <span class='ocr_line' id='line_1_17' title="bbox 327 2065 1274 2150; baseline 0 -22"><span class='ocrx_word' id='word_1_108' title='bbox 327 2073 368 2130; x_wconf 93' lang='lat' dir='ltr'><strong>ut</strong></span> <span class='ocrx_word' id='word_1_109' title='bbox 387 2068 535 2131; x_wconf 89' lang='lat' dir='ltr'><strong>credatis</strong></span> <span class='ocrx_word' id='word_1_110' title='bbox 561 2069 598 2131; x_wconf 90' lang='lat' dir='ltr'><strong>in</strong></span> <span class='ocrx_word' id='word_1_111' title='bbox 623 2067 724 2145; x_wconf 88' lang='lat' dir='ltr'><strong>Eum,</strong></span> <span class='ocrx_word' id='word_1_112' title='bbox 747 2068 807 2150; x_wconf 94' lang='lat' dir='ltr'><strong>qui</strong></span> <span class='ocrx_word' id='word_1_113' title='bbox 830 2087 894 2150; x_wconf 89' lang='lat' dir='ltr'><strong>pro</strong></span> <span class='ocrx_word' id='word_1_114' title='bbox 918 2067 1037 2130; x_wconf 90' lang='lat' dir='ltr'><strong>mundi</strong></span> <span class='ocrx_word' id='word_1_115' title='bbox 1061 2067 1174 2129; x_wconf 88' lang='lat' dir='ltr'><strong>salute</strong></span> <span class='ocrx_word' id='word_1_116' title='bbox 1199 2065 1274 2128; x_wconf 85' lang='lat' dir='ltr'><strong>haec</strong></span> 
     </span>
     <span class='ocr_line' id='line_1_18' title="bbox 328 2166 1275 2249; baseline -0.001 -20"><span class='ocrx_word' id='word_1_117' title='bbox 328 2186 406 2248; x_wconf 85' lang='lat' dir='ltr'><strong>quae</strong></span> <span class='ocrx_word' id='word_1_118' title='bbox 427 2167 552 2231; x_wconf 88' lang='lat' dir='ltr'><strong>videtis</strong></span> <span class='ocrx_word' id='word_1_119' title='bbox 575 2168 720 2232; x_wconf 83' lang='lat' dir='ltr'><strong>vulnera</strong></span> <span class='ocrx_word' id='word_1_120' title='bbox 741 2166 777 2230; x_wconf 92' lang='lat' dir='ltr'><strong>in</strong></span> <span class='ocrx_word' id='word_1_121' title='bbox 807 2186 906 2231; x_wconf 90' lang='lat' dir='ltr'><strong>cruce</strong></span> <span class='ocrx_word' id='word_1_122' title='bbox 937 2166 1091 2249; x_wconf 90' lang='lat' dir='ltr'><strong>pertulit,</strong></span> <span class='ocrx_word' id='word_1_123' title='bbox 1114 2174 1149 2231; x_wconf 93' lang='lat' dir='ltr'><strong>et</strong></span> <span class='ocrx_word' id='word_1_124' title='bbox 1171 2167 1275 2229; x_wconf 87' lang='lat' dir='ltr'><strong>etiam</strong></span> 
     </span>
     <span class='ocr_line' id='line_1_19' title="bbox 328 2267 1275 2351; baseline 0 -22"><span class='ocrx_word' id='word_1_125' title='bbox 328 2273 369 2330; x_wconf 93' lang='lat' dir='ltr'><strong>ut</strong></span> <span class='ocrx_word' id='word_1_126' title='bbox 389 2287 444 2330; x_wconf 92' lang='lat' dir='ltr'><strong>me</strong></span> <span class='ocrx_word' id='word_1_127' title='bbox 470 2268 589 2331; x_wconf 87' lang='lat' dir='ltr'><strong>sciatis</strong></span> <span class='ocrx_word' id='word_1_128' title='bbox 616 2267 691 2351; x_wconf 89' lang='lat' dir='ltr'><strong>ejus</strong></span> <span class='ocrx_word' id='word_1_129' title='bbox 718 2287 793 2330; x_wconf 92' lang='lat' dir='ltr'><strong>esse</strong></span> <span class='ocrx_word' id='word_1_130' title='bbox 822 2286 971 2344; x_wconf 90' lang='lat' dir='ltr'><strong>servum,</strong></span> <span class='ocrx_word' id='word_1_131' title='bbox 998 2287 1100 2349; x_wconf 92' lang='lat' dir='ltr'><strong>quem</strong></span> <span class='ocrx_word' id='word_1_132' title='bbox 1124 2285 1275 2348; x_wconf 84' lang='lat' dir='ltr'><strong>evange·</strong></span> 
     </span>
     <span class='ocr_line' id='line_1_20' title="bbox 328 2365 1276 2445; baseline 0.001 -17"><span class='ocrx_word' id='word_1_133' title='bbox 328 2365 433 2430; x_wconf 86' lang='lat' dir='ltr'><strong>lizavi</strong></span> <span class='ocrx_word' id='word_1_134' title='bbox 462 2367 561 2432; x_wconf 89' lang='lat' dir='ltr'><strong>vobis</strong></span> <span class='ocrx_word' id='word_1_135' title='bbox 589 2367 804 2445; x_wconf 86' lang='lat' dir='ltr'><strong>crucifixum,</strong></span> <span class='ocrx_word' id='word_1_136' title='bbox 834 2374 1008 2431; x_wconf 87' lang='lat' dir='ltr'><strong>mortuom</strong></span> <span class='ocrx_word' id='word_1_137' title='bbox 1034 2375 1069 2430; x_wconf 90' lang='lat' dir='ltr'><strong>et</strong></span> <span class='ocrx_word' id='word_1_138' title='bbox 1091 2367 1276 2430; x_wconf 89' lang='lat' dir='ltr'><strong>resuscita·</strong></span> 
     </span>
     <span class='ocr_line' id='line_1_21' title="bbox 329 2465 1276 2549; baseline -0.001 -20"><span class='ocrx_word' id='word_1_139' title='bbox 329 2472 416 2543; x_wconf 93' lang='lat' dir='ltr'><strong>tum,</strong></span> <span class='ocrx_word' id='word_1_140' title='bbox 450 2473 485 2530; x_wconf 92' lang='lat' dir='ltr'><strong>et</strong></span> <span class='ocrx_word' id='word_1_141' title='bbox 515 2473 566 2543; x_wconf 92' lang='lat' dir='ltr'><strong>ut,</strong></span> <span class='ocrx_word' id='word_1_142' title='bbox 593 2468 687 2531; x_wconf 92' lang='lat' dir='ltr'><strong>omni</strong></span> <span class='ocrx_word' id='word_1_143' title='bbox 720 2467 948 2549; x_wconf 83' lang='lat' dir='ltr'><strong>ambiguitate</strong></span> <span class='ocrx_word' id='word_1_144' title='bbox 978 2474 1123 2544; x_wconf 89' lang='lat' dir='ltr'><strong>remota,</strong></span> <span class='ocrx_word' id='word_1_145' title='bbox 1145 2467 1181 2529; x_wconf 94' lang='lat' dir='ltr'><strong>in</strong></span> <span class='ocrx_word' id='word_1_146' title='bbox 1210 2465 1276 2528; x_wconf 87' lang='lat' dir='ltr'><strong>hac</strong></span> 
     </span>
     <span class='ocr_line' id='line_1_22' title="bbox 329 2564 1274 2650; baseline 0.001 -22"><span class='ocrx_word' id='word_1_147' title='bbox 329 2564 408 2629; x_wconf 91' lang='lat' dir='ltr'><strong>fidei</strong></span> <span class='ocrx_word' id='word_1_148' title='bbox 440 2566 639 2630; x_wconf 89' lang='lat' dir='ltr'><strong>constantia</strong></span> <span class='ocrx_word' id='word_1_149' title='bbox 675 2585 785 2648; x_wconf 91' lang='lat' dir='ltr'><strong>usque</strong></span> <span class='ocrx_word' id='word_1_150' title='bbox 816 2567 852 2630; x_wconf 90' lang='lat' dir='ltr'><strong>in</strong></span> <span class='ocrx_word' id='word_1_151' title='bbox 882 2567 984 2630; x_wconf 91' lang='lat' dir='ltr'><strong>finem</strong></span> <span class='ocrx_word' id='word_1_152' title='bbox 1020 2566 1274 2650; x_wconf 83' lang='lat' dir='ltr'><strong>perseveretis3</strong></span> 
     </span>
     <span class='ocr_line' id='line_1_23' title="bbox 328 2664 1276 2749; baseline 0.003 -22"><span class='ocrx_word' id='word_1_153' title='bbox 328 2664 404 2729; x_wconf 91' lang='lat' dir='ltr'><strong>haec</strong></span> <span class='ocrx_word' id='word_1_154' title='bbox 429 2666 584 2743; x_wconf 89' lang='lat' dir='ltr'><strong>vulnera,</strong></span> <span class='ocrx_word' id='word_1_155' title='bbox 613 2685 691 2749; x_wconf 87' lang='lat' dir='ltr'><strong>quae</strong></span> <span class='ocrx_word' id='word_1_156' title='bbox 720 2668 757 2730; x_wconf 92' lang='lat' dir='ltr'><strong>in</strong></span> <span class='ocrx_word' id='word_1_157' title='bbox 783 2687 838 2730; x_wconf 92' lang='lat' dir='ltr'><strong>me</strong></span> <span class='ocrx_word' id='word_1_158' title='bbox 864 2667 915 2731; x_wconf 89' lang='lat' dir='ltr'><strong>ita</strong></span> <span class='ocrx_word' id='word_1_159' title='bbox 936 2667 1062 2731; x_wconf 85' lang='lat' dir='ltr'><strong>videtis</strong></span> <span class='ocrx_word' id='word_1_160' title='bbox 1091 2672 1213 2749; x_wconf 91' lang='lat' dir='ltr'><strong>aperta</strong></span> <span class='ocrx_word' id='word_1_161' title='bbox 1240 2673 1276 2730; x_wconf 92' lang='lat' dir='ltr'><strong>et</strong></span> 
     </span>
     <span class='ocr_line' id='line_1_24' title="bbox 328 2765 1275 2847; baseline 0 -19"><span class='ocrx_word' id='word_1_162' title='bbox 328 2765 500 2847; x_wconf 84' lang='lat' dir='ltr'><strong>sanguine</strong></span> <span class='ocrx_word' id='word_1_163' title='bbox 522 2772 715 2843; x_wconf 86' lang='lat' dir='ltr'><strong>cruentata,</strong></span> <span class='ocrx_word' id='word_1_164' title='bbox 737 2767 856 2830; x_wconf 91' lang='lat' dir='ltr'><strong>statim</strong></span> <span class='ocrx_word' id='word_1_165' title='bbox 879 2786 957 2830; x_wconf 92' lang='lat' dir='ltr'><strong>cum</strong></span> <span class='ocrx_word' id='word_1_166' title='bbox 976 2767 1159 2831; x_wconf 88' lang='lat' dir='ltr'><strong>defunctus</strong></span> <span class='ocrx_word' id='word_1_167' title='bbox 1178 2765 1275 2829; x_wconf 84' lang='lat' dir='ltr'><strong>fuero</strong></span> 
     </span>
     <span class='ocr_line' id='line_1_25' title="bbox 330 2865 1276 2944; baseline 0.001 -16"><span class='ocrx_word' id='word_1_168' title='bbox 330 2865 417 2930; x_wconf 92' lang='lat' dir='ltr'><strong>adeo</strong></span> <span class='ocrx_word' id='word_1_169' title='bbox 440 2885 527 2929; x_wconf 92' lang='lat' dir='ltr'><strong>sana</strong></span> <span class='ocrx_word' id='word_1_170' title='bbox 547 2873 649 2931; x_wconf 87' lang='lat' dir='ltr'><strong>erunt</strong></span> <span class='ocrx_word' id='word_1_171' title='bbox 669 2873 704 2930; x_wconf 90' lang='lat' dir='ltr'><strong>et</strong></span> <span class='ocrx_word' id='word_1_172' title='bbox 721 2865 942 2944; x_wconf 83' lang='lat' dir='ltr'><strong>cohaerentia,</strong></span> <span class='ocrx_word' id='word_1_173' title='bbox 965 2874 1004 2931; x_wconf 90' lang='lat' dir='ltr'><strong>ut</strong></span> <span class='ocrx_word' id='word_1_174' title='bbox 1023 2867 1119 2931; x_wconf 88' lang='lat' dir='ltr'><strong>carni</strong></span> <span class='ocrx_word' id='word_1_175' title='bbox 1141 2872 1276 2930; x_wconf 84' lang='lat' dir='ltr'><strong>caeterae</strong></span> 
     </span>
     <span class='ocr_line' id='line_1_26' title="bbox 329 2966 1276 3050; baseline 0 -22"><span class='ocrx_word' id='word_1_176' title='bbox 329 2966 457 3028; x_wconf 88' lang='lat' dir='ltr'><strong>similia</strong></span> <span class='ocrx_word' id='word_1_177' title='bbox 480 2966 663 3030; x_wconf 90' lang='lat' dir='ltr'><strong>videantur</strong></span> <span class='ocrx_word' id='word_1_178' title='bbox 679 2967 707 3044; x_wconf 91' lang='lat'><strong>;&#39;</strong></span> <span class='ocrx_word' id='word_1_179' title='bbox 733 2967 793 3048; x_wconf 91' lang='lat' dir='ltr'><strong>qui</strong></span> <span class='ocrx_word' id='word_1_180' title='bbox 825 2968 990 3031; x_wconf 88' lang='lat' dir='ltr'><strong>continuo</strong></span> <span class='ocrx_word' id='word_1_181' title='bbox 1024 2968 1154 3050; x_wconf 91' lang='lat' dir='ltr'><strong>absque</strong></span> <span class='ocrx_word' id='word_1_182' title='bbox 1183 2967 1276 3030; x_wconf 91' lang='lat' dir='ltr'><strong>omni</strong></span> 
     </span>
     <span class='ocr_line' id='line_1_27' title="bbox 329 3066 1277 3148; baseline -0.001 -18"><span class='ocrx_word' id='word_1_183' title='bbox 329 3066 485 3148; x_wconf 88' lang='lat' dir='ltr'><strong>corporis</strong></span> <span class='ocrx_word' id='word_1_184' title='bbox 527 3067 691 3148; x_wconf 84' lang='lat' dir='ltr'><strong>angustia</strong></span> <span class='ocrx_word' id='word_1_185' title='bbox 735 3074 770 3130; x_wconf 91' lang='lat' dir='ltr'><strong>et</strong></span> <span class='ocrx_word' id='word_1_186' title='bbox 803 3068 959 3131; x_wconf 85' lang='lat' dir='ltr'><strong>cruciatu</strong></span> <span class='ocrx_word' id='word_1_187' title='bbox 998 3085 1101 3131; x_wconf 90' lang='lat' dir='ltr'><strong>carne</strong></span> <span class='ocrx_word' id='word_1_188' title='bbox 1141 3067 1277 3131; x_wconf 89' lang='lat' dir='ltr'><strong>solutus</strong></span> 
     </span>
     <span class='ocr_line' id='line_1_28' title="bbox 330 3164 1278 3249; baseline 0.001 -20"><span class='ocrx_word' id='word_1_189' title='bbox 330 3166 479 3230; x_wconf 90' lang='lat' dir='ltr'><strong>reddidit</strong></span> <span class='ocrx_word' id='word_1_190' title='bbox 501 3168 660 3249; x_wconf 91' lang='lat' dir='ltr'><strong>spiritum</strong></span> <span class='ocrx_word' id='word_1_191' title='bbox 693 3186 757 3230; x_wconf 89' lang='lat' dir='ltr'><strong>suo</strong></span> <span class='ocrx_word' id='word_1_192' title='bbox 781 3164 950 3232; x_wconf 89' lang='lat' dir='ltr'><strong>Creatori.</strong></span> <span class='ocrx_word' id='word_1_193' title='bbox 1002 3166 1082 3245; x_wconf 84' lang='lat' dir='ltr'><strong>Quo</strong></span> <span class='ocrx_word' id='word_1_194' title='bbox 1104 3166 1278 3243; x_wconf 89' lang='lat' dir='ltr'><strong>defuncto,</strong></span> 
     </span>
     <span class='ocr_line' id='line_1_29' title="bbox 330 3266 1276 3349; baseline 0.001 -21"><span class='ocrx_word' id='word_1_195' title='bbox 330 3267 426 3330; x_wconf 89' lang='lat' dir='ltr'><strong>nulla</strong></span> <span class='ocrx_word' id='word_1_196' title='bbox 443 3267 625 3330; x_wconf 89' lang='lat' dir='ltr'><strong>vulnerum</strong></span> <span class='ocrx_word' id='word_1_197' title='bbox 647 3266 889 3349; x_wconf 83' lang='lat' dir='ltr'><strong>praedictorum</strong></span> <span class='ocrx_word' id='word_1_198' title='bbox 911 3267 947 3330; x_wconf 93' lang='lat' dir='ltr'><strong>in</strong></span> <span class='ocrx_word' id='word_1_199' title='bbox 969 3268 1089 3345; x_wconf 88' lang='lat' dir='ltr'><strong>latere,</strong></span> <span class='ocrx_word' id='word_1_200' title='bbox 1104 3268 1160 3331; x_wconf 84' lang='lat' dir='ltr'><strong>vel</strong></span> <span class='ocrx_word' id='word_1_201' title='bbox 1182 3267 1276 3349; x_wconf 87' lang='lat' dir='ltr'><strong>pedi·</strong></span> 
     </span>
     <span class='ocr_line' id='line_1_30' title="bbox 330 3366 1277 3449; baseline 0.002 -21"><span class='ocrx_word' id='word_1_202' title='bbox 330 3367 394 3428; x_wconf 91' lang='lat' dir='ltr'><strong>bus</strong></span> <span class='ocrx_word' id='word_1_203' title='bbox 420 3366 495 3449; x_wconf 87' lang='lat' dir='ltr'><strong>ejus</strong></span> <span class='ocrx_word' id='word_1_204' title='bbox 522 3367 596 3431; x_wconf 88' lang='lat' dir='ltr'><strong>sive</strong></span> <span class='ocrx_word' id='word_1_205' title='bbox 619 3367 789 3444; x_wconf 91' lang='lat' dir='ltr'><strong>manibus,</strong></span> <span class='ocrx_word' id='word_1_206' title='bbox 813 3367 1008 3449; x_wconf 85' lang='lat' dir='ltr'><strong>[stigmata]</strong></span> <span class='ocrx_word' id='word_1_207' title='bbox 1029 3374 1277 3431; x_wconf 87' lang='lat' dir='ltr'><strong>remanserunt.</strong></span> 
     </span>
     <span class='ocr_line' id='line_1_31' title="bbox 330 3465 1279 3547; baseline 0.002 -19"><span class='ocrx_word' id='word_1_208' title='bbox 330 3465 474 3547; x_wconf 89' lang='lat' dir='ltr'><strong>Sepulto</strong></span> <span class='ocrx_word' id='word_1_209' title='bbox 497 3474 612 3530; x_wconf 89' lang='lat' dir='ltr'><strong>autem</strong></span> <span class='ocrx_word' id='word_1_210' title='bbox 635 3468 710 3530; x_wconf 88' lang='lat' dir='ltr'><strong>viro</strong></span> <span class='ocrx_word' id='word_1_211' title='bbox 731 3467 799 3530; x_wconf 91' lang='lat' dir='ltr'><strong>Dei</strong></span> <span class='ocrx_word' id='word_1_212' title='bbox 818 3468 854 3530; x_wconf 92' lang='lat' dir='ltr'><strong>in</strong></span> <span class='ocrx_word' id='word_1_213' title='bbox 877 3466 1029 3531; x_wconf 90' lang='lat' dir='ltr'><strong>oratorio</strong></span> <span class='ocrx_word' id='word_1_214' title='bbox 1050 3487 1124 3545; x_wconf 92' lang='lat' dir='ltr'><strong>suo,</strong></span> <span class='ocrx_word' id='word_1_215' title='bbox 1149 3467 1279 3530; x_wconf 88' lang='lat' dir='ltr'><strong>Roma-</strong></span> 
     </span>
     <span class='ocr_line' id='line_1_32' title="bbox 330 3566 1279 3649; baseline 0.004 -22"><span class='ocrx_word' id='word_1_216' title='bbox 330 3584 396 3628; x_wconf 89' lang='lat' dir='ltr'><strong>nus</strong></span> <span class='ocrx_word' id='word_1_217' title='bbox 414 3566 572 3647; x_wconf 89' lang='lat' dir='ltr'><strong>pontifex</strong></span> <span class='ocrx_word' id='word_1_218' title='bbox 593 3568 705 3649; x_wconf 91' lang='lat' dir='ltr'><strong>ipsum</strong></span> <span class='ocrx_word' id='word_1_219' title='bbox 726 3567 762 3629; x_wconf 90' lang='lat' dir='ltr'><strong>in</strong></span> <span class='ocrx_word' id='word_1_220' title='bbox 780 3568 978 3649; x_wconf 82' lang='lat' dir='ltr'><strong>catalogum</strong></span> <span class='ocrx_word' id='word_1_221' title='bbox 1000 3575 1198 3632; x_wconf 89' lang='lat' dir='ltr'><strong>sauctorum</strong></span> <span class='ocrx_word' id='word_1_222' title='bbox 1218 3566 1279 3631; x_wconf 91' lang='lat' dir='ltr'><strong>ad·</strong></span> 
     </span>
     <span class='ocr_line' id='line_1_33' title="bbox 330 3665 1279 3751; baseline 0.004 -25"><span class='ocrx_word' id='word_1_223' title='bbox 330 3665 437 3741; x_wconf 89' lang='lat' dir='ltr'><strong>misit,</strong></span> <span class='ocrx_word' id='word_1_224' title='bbox 471 3672 507 3728; x_wconf 90' lang='lat' dir='ltr'><strong>et</strong></span> <span class='ocrx_word' id='word_1_225' title='bbox 537 3665 627 3728; x_wconf 90' lang='lat' dir='ltr'><strong>diem</strong></span> <span class='ocrx_word' id='word_1_226' title='bbox 656 3668 731 3751; x_wconf 88' lang='lat' dir='ltr'><strong>ejus</strong></span> <span class='ocrx_word' id='word_1_227' title='bbox 761 3667 987 3750; x_wconf 88' lang='lat' dir='ltr'><strong>depositionis</strong></span> <span class='ocrx_word' id='word_1_228' title='bbox 1019 3669 1205 3733; x_wconf 84' lang='lat' dir='ltr'><strong>solenniter</strong></span> <span class='ocrx_word' id='word_1_229' title='bbox 1226 3667 1279 3730; x_wconf 94' lang='lat' dir='ltr'><strong>in·</strong></span> 
     </span>
     <span class='ocr_line' id='line_1_34' title="bbox 331 3764 637 3830; baseline 0.007 -3"><span class='ocrx_word' id='word_1_230' title='bbox 331 3764 444 3828; x_wconf 90' lang='lat' dir='ltr'><strong>stituit</strong></span> <span class='ocrx_word' id='word_1_231' title='bbox 461 3764 637 3830; x_wconf 86' lang='lat' dir='ltr'><strong>celebrari.</strong></span> 
     </span>
    </p>
   </div>
   <div class='ocr_carea' id='block_1_3' title="bbox 0 0 1446 4866">
    <p class='ocr_par' dir='ltr' id='par_1_3' title="bbox 0 0 1446 4866">
     <span class='ocr_line' id='line_1_35' title="bbox 0 0 1446 4866; baseline 0 0"><span class='ocrx_word' id='word_1_232' title='bbox 0 0 1446 4866; x_wconf 95' lang='lat' dir='ltr'><strong> </strong></span> 
     </span>
    </p>
   </div>
  </div>
 </body>
</html>
