2864 4866
424 400 561 449 rnonns
586 401 855 452 nrsronrenuu.
1049 387 1115 452 223

165 557 264 640 cipue
290 558 349 641 qui
372 559 473 640 primi
496 560 700 639 veniebant3
727 561 786 624 sod
812 561 883 638 alii,
906 561 965 643 qui
991 581 1111 644 seque·
1128 573 1250 616 tlt-1²³¹·

164 657 302 736 bantur,
324 677 368 720 ex
392 660 563 723 sociorum
588 661 821 724 submersione
848 662 1043 743 praemuniti
1070 662 1112 725 de

164 777 246 820 casu
268 759 540 822 commilitonum
558 778 698 823 suorum
716 780 784 823 non
802 760 1020 825 mediocriter
1034 781 1113 824 con-

165 857 338 921 dolebant.
391 858 491 922 Tunc
508 858 717 936 Wallenses,
733 859 884 924 hostium
906 862 1114 925 submersio·

164 976 241 1020 nem
264 966 525 1039 cognoscentes,
544 959 674 1023 reversi
699 968 781 1024 sunt
797 980 876 1024 cum
899 960 1030 1043 impetu
1054 980 1112 1024 su-

165 1077 226 1138 per
251 1077 323 1133 eos,
349 1064 479 1121 etcum
502 1058 632 1122 lanceis
654 1060 727 1122 suis
751 1060 877 1124 milites
899 1068 935 1125 et
951 1079 1059 1142 equos
1075 1061 1111 1124 in

164 1176 264 1220 coeno
286 1157 484 1222 volutantes
508 1158 692 1223 crudeliter
718 1168 948 1242 peremerunt.
1024 1160 1110 1224 Fac-

164 1264 221 1321 tus
246 1264 299 1320 est
318 1265 432 1321 autem
460 1257 508 1321 ibi
531 1258 610 1323 binc
635 1258 715 1323 inde
742 1260 923 1325 conflictus
946 1261 1111 1341 gravissi-

164 1376 253 1434 mus
264 1358 383 1421 multis
397 1359 580 1440 utrobique
598 1360 798 1442 peremptis
811 1361 871 1424 sed
886 1367 1002 1424 tamen
1012 1360 1111 1425 Wal-

165 1457 276 1520 lenses
294 1458 440 1521 victoria
459 1459 651 1540 potiuntur.
698 1453 850 1542 ¹Gaptus
867 1468 921 1524 est
932 1467 1048 1524 autem
1065 1461 1113 1524 ibi

165 1557 337 1639 AEgidiuS,
364 1557 454 1621 filius
489 1559 655 1623 Richardi
685 1559 728 1622 de
754 1559 982 1642 Argentonio,
1014 1560 1112 1623 miles

164 1664 335 1732 strenuus,
359 1676 436 1721 cum
457 1659 662 1741 quibusdam
684 1660 773 1737 aliis,
802 1679 949 1742 quorum
971 1661 1113 1724 nomina

166 1776 234 1820 non
251 1756 380 1822 audivi.

205 1931 254 1994 Dc
268 1931 382 1996 ultione
389 1931 539 2017 predicti
551 1931 680 2009 sceleris,
697 1941 725 1997 ct
740 1933 957 1997 ceretructioue
971 1933 1067 1998 castri

553 2031 715 2096 Mutildr's.

214 2155 370 2240 Cumque
386 2158 525 2221 tandem
539 2176 653 2233 casus,
670 2156 729 2239 qui
742 2156 908 2221 militibus
919 2157 994 2241 jam
1010 2157 1111 2222 dictis
1124 2183 1204 2223 wan

162 2257 347 2335 acciderat,
376 2258 448 2339 regi
475 2257 588 2322 suerat
609 2257 844 2334 denuntiatus,
866 2277 945 2320 cum
971 2257 1112 2321 festina-

164 2357 256 2421 tione
272 2357 321 2421 vad
341 2357 527 2434 abbatiam,
551 2357 650 2441 cujus
667 2356 775 2421 srater
800 2357 963 2439 praefatos
986 2358 1112 2421 milites

1124 2234 1201 2274 Wales.

163 2457 372 2539 prodiderat,
387 2457 558 2522 hostiliter
582 2457 765 2534 transiens,
787 2456 823 2519 in
841 2457 1006 2522 ultionem
1024 2459 1112 2522 tanti

164 2559 302 2622 sceleris
316 2558 498 2640 quandam
520 2558 701 2639 grangiam
724 2557 817 2621 illius
840 2557 989 2621 abbatiae
1011 2559 1111 2622 bonis

164 2659 322 2723 omnibus
338 2659 522 2741 spoliatam
539 2658 738 2734 combussit,
759 2665 794 2721 et
806 2658 919 2739 ipsam
936 2659 1111 2722 abbatiam

164 2759 321 2822 similiter
343 2758 525 2842 spoliatam
547 2758 685 2822 omnino
709 2757 817 2841 jussit
840 2757 920 2840 igne
944 2759 1110 2838 cremari3

164 2859 224 2923 sed
245 2859 353 2922 abbas
375 2858 454 2935 loci,
479 2865 518 2922 ut
541 2858 687 2922 aedificia
708 2859 920 2940 sumptuosis
936 2858 1038 2923 valde
1058 2858 1111 2921 la·

164 2960 305 3023 boribus
329 2965 543 3022 constructa
580 2958 744 3034 salvaret,
775 2965 946 3022 trecentas
978 2976 1112 3021 marcas

165 3061 238 3141 regi
262 3059 468 3136 numeravit,
494 3059 601 3123 etsie
627 3057 702 3141 ejus
722 3057 915 3140 indignatio
937 3059 1113 3141 paulisper

165 3160 326 3224 cessavit.
367 3159 424 3237 Et,
442 3159 496 3222 his
510 3158 561 3223 ita
581 3159 701 3241 gestiS,
722 3158 803 3223 fecit
820 3177 883 3221 rex
904 3157 1113 3221 reaedificare

166 3258 344 3324 castellum
368 3258 525 3322 Matildis
550 3259 586 3322 in
608 3258 743 3323 Wallia-
769 3258 812 3322 de
844 3257 960 3340 lapide
989 3267 1023 3321 et
1047 3276 1113 3320 cae·

165 3366 279 3425 mento
303 3360 491 3441 eleganter,
518 3358 609 3441 quod
631 3375 652 3422 a
671 3358 906 3423 Wallensibus
931 3357 1011 3421 olim
1035 3376 1114 3438 pro-

165 3467 310 3524 stratum
345 3459 470 3536 fuerat,
498 3466 615 3542 atque,
644 3459 780 3540 magnis
812 3458 1005 3540 sumptibus
1035 3475 1113 3520 curn

166 3567 256 3624 esset
278 3578 365 3642 opus
391 3559 536 3624 feliciter
561 3566 847 3634 consummatum,
866 3557 991 3639 posuit
1012 3557 1049 3620 in
1072 3575 1113 3619 eo

165 3680 228 3724 rex
250 3659 377 3724 milites
398 3668 433 3725 et
454 3660 609 3738 clienteS,
636 3660 696 3742 qui
718 3657 932 3723 incursiones
956 3656 1114 3721 -Wallen-

166 3761 253 3823 sium
270 3759 504 3824 refraenarent.

201 3955 208 3986 ¹
224 3959 317 4022 Captus
327 3951 387 4023 ert]
404 3955 499 4017 ‘Capti
511 3961 570 4006 sunt
579 3971 624 4005 au·
653 3958 757 4006 Ricardi
774 3957 806 4005 de
818 3956 973 4018 Argenthom
983 3956 1006 4018 ς’
1022 3955 1116 4006 Chron.

166 4034 251 4077 terna
274 4032 345 4090 parte
369 4027 493 4077 Lewelini
514 4028 560 4077 duo
581 4028 625 4077 filii
654 4029 747 4077 Dunst.
759 4044 786 4089 p.
804 4031 862 4076 205.
