2864 4866
454 414 888 469 rnonrsrnsronmnnn.
1071 404 1142 468 317-

187 573 501 654 perintemuntios
528 573 600 654 regi
627 572 821 654 Anglorum
845 572 993 637 reddidit
1016 573 1136 637 homa·
1150 589 1204 629 nn·
1214 590 1268 629 12³4·

188 672 282 752 gium
309 692 422 750 suurn,
445 672 538 755 quod
565 673 597 735 ei
625 673 756 755 pridem
786 673 939 751 fecerat,
970 681 1006 736 et
1031 693 1093 737 rex
1116 693 1136 736 e

188 790 355 835 converso
376 773 470 855 cepit
491 772 526 835 in
554 791 658 835 manu
681 791 745 835 sua
767 774 883 836 omnia
896 773 987 857 jura
1000 772 1136 837 comitis

188 870 380 935 Britannice
403 873 439 935 in
461 872 604 953 Anglia,
630 880 665 936 et
683 872 833 936 bonores
855 874 900 939 ad
920 873 1017 936 illum
1038 892 1135 955 spec·

188 977 314 1035 tantas.

295 1143 493 1207 Micccoluoc
509 1143 547 1206 dc
560 1145 702 1209 ccccitic
717 1143 878 1229 cujusdam
894 1145 1036 1230 episcopi.

239 1265 319 1330 Hoc
343 1267 490 1350 denique
512 1287 615 1345 anno,
637 1268 697 1351 qui
720 1269 843 1333 tertius
869 1276 943 1332 orat
969 1268 1136 1333 sterilium
1149 1279 1240 1328 Laeni·

188 1383 367 1444 annorum,
399 1367 550 1430 exitialis
581 1368 776 1432 mortalitas
802 1368 985 1432 crudeliter
1009 1369 1136 1449 ubique

187 1467 354 1530 saeviebat
370 1474 405 1529 ct
420 1466 550 1543 fames3
578 1486 657 1548 quae
671 1467 888 1549 pestilentiae,
906 1475 976 1531 tam
994 1468 1136 1548 exigen-

187 1565 279 1629 tibus
300 1566 464 1647 peccatis‚
483 1584 586 1648 quam
604 1586 649 1629 ex
665 1566 880 1648 praecedente
902 1567 992 1629 aeris
1013 1567 1137 1630 intern-

186 1665 280 1747 perie
300 1673 336 1730 et
357 1684 517 1747 agrorum
543 1665 695 1746 generali
715 1665 909 1742 sterilitate,
927 1666 1057 1748 absque
1072 1665 1135 1728 du-

186 1765 244 1828 bio
260 1773 499 1848 pervenerunt.
545 1762 722 1846 Pauperes
739 1782 821 1827 vcro
836 1764 981 1829 diversis
997 1763 1032 1827 in
1049 1764 1136 1828 locis

187 1865 232 1927 ob
257 1865 406 1928 inediam
435 1866 651 1928 tabescentes
677 1863 923 1940 moriebantur,
946 1883 1016 1927 non
1039 1863 1135 1928 inve·

187 1965 321 2029 nientes
337 1964 603 2038 Samaritarum,
623 1963 683 2044 qui
701 1982 761 2026 eos
779 1963 969 2031 stabulario
992 1982 1136 2045 pascen-

187 2064 249 2127 dos
267 2063 496 2127 committeret
515 2063 571 2128 vel
585 2063 730 2127 vulnera
747 2063 970 2127 mortalitatis
987 2071 1136 2127 curaret.

188 2163 418 2244 Eleemosyna
442 2162 591 2244 quidem,
616 2181 694 2245 quae
719 2163 823 2226 etiam
845 2162 984 2226 divitias
1009 2181 1137 2243 augere

187 2263 287 2340 solet,
305 2263 433 2344 ubique
449 2262 587 2326 deserta
599 2262 807 2343 languebat;
833 2262 912 2324 dum
924 2261 1060 2339 divites,
1078 2263 1137 2343 qui

186 2361 221 2426 in
239 2362 396 2435 omnibus
411 2362 510 2424 bonis
525 2362 772 2443 temporalibus
788 2361 1023 2438 abundabant,
1037 2369 1137 2424 tanta

187 2463 345 2525 caecitatc
372 2461 527 2544 percussi
553 2469 664 2539 erant,
692 2462 784 2544 quod
810 2461 964 2525 homines
992 2460 1135 2525 Christi-

187 2580 272 2626 anos
297 2561 340 2626 ad
363 2562 547 2642 imaginem
571 2560 648 2624 Dei.
661 2569 796 2625 creatos
819 2562 907 2625 mori
931 2555 980 2625 ox'
995 2561 1136 2625 alimen-

187 2668 300 2726 torum
328 2661 449 2744 inopia'
477 2662 717 2744 permiserunt.
780 2660 874 2725 Caeci
901 2661 1038 2742 quidem
1062 2662 1133 2724 fue·

187 2770 282 2840 runt,
298 2763 357 2844 qui
373 2781 443 2825 non
458 2781 504 2825 ex
520 2761 611 2825 dono
624 2761 702 2836 Dei,
719 2761 779 2824 sed
796 2762 937 2844 propria
951 2761 1134 2838 industria,

182 2862 319 2946 jactant
333 2881 370 2924 se
388 2860 528 2926 divitias
544 2860 779 2943 acquisivisse.
832 2861 890 2936 Et,
911 2861 940 2923 si
962 2860 1026 2924 hoc
1047 2881 1134 2943 quo-

186 2981 254 3044 qne
281 2969 383 3043 turpe
409 2961 476 3025 fuit
502 2962 659 3024 omnibus
684 2960 892 3041 generaliter
915 2959 1133 3037 Christianis,

186 3061 423 3145 turpissimum
439 3067 555 3124 tamen
577 3061 714 3124 exstitit
736 3058 907 3142 episcopis
926 3066 960 3122 ct
974 3059 1133 3123 ecclesia·

187 3181 261 3225 rum
287 3161 451 3243 praelatis,
479 3159 570 3223 unde
596 3160 688 3222 inter
711 3159 840 3241 primos
867 3177 911 3221 ex
939 3158 1024 3222 vitio
1041 3176 1134 3222 ava÷

186 3262 275 3326 ritiae
288 3261 457 3325 notabiles
473 3259 680 3336 Walterum,
696 3259 948 3322 Eboracensem
967 3257 1133 3339 archiepi-

186 3380 340 3444 scopum,
369 3379 460 3442 pono
490 3359 625 3423 caeteris
651 3359 687 3421 in
714 3358 932 3441 exemplum3
961 3357 1005 3420 ad
1032 3377 1134 3439 quem

185 3481 262 3525 cum
278 3459 454 3525 venissent
470 3459 694 3542 plurimorum
712 3457 941 3520 maneriorum
957 3457 1135 3538 praepositi

185 3562 316 3644 pariter
332 3566 366 3623 et
383 3559 531 3622 ministri
553 3558 786 3634 ostendentes,
810 3556 900 3639 quod
924 3557 959 3618 in
982 3556 1067 3619 locis
1083 3556 1135 3619 di·

185 3660 294 3726 versis
320 3659 467 3722 multum
490 3659 612 3722 habuit
630 3658 769 3721 bladum
792 3655 1039 3738 quinquennali
1060 3655 1135 3739 jam

185 3767 340 3843 tempore
360 3760 602 3835 inveteratum,
625 3757 716 3840 quod
735 3757 838 3819 nimis
858 3756 1032 3820 habebant
1057 3775 1134 3819 sus·

184 3868 335 3944 pactum,
363 3865 403 3922 ut
427 3858 483 3923 vel
513 3877 534 3921 a
565 3858 731 3921 soricibus
759 3863 850 3920 esset
877 3876 1052 3920 corrosum
1080 3856 1135 3920 vel

185 3960 405 4042 corruptione
436 3958 553 4042 aliqua
585 3957 827 4040 putrefactum,
857 3956 1135 4038 archiepiscopus

185 4067 314 4138 autem,
342 4078 410 4122 non
438 4059 570 4122 babens
594 4058 630 4120 in
656 4064 754 4121 tanta
776 4057 981 4120 necessitate
1000 4076 1063 4119 nec
1091 4055 1134 4118 ad

186 4160 383 4226 Dominum.
399 4180 462 4224 nec
484 4158 527 4224 ad
550 4176 720 4242 pauperes
744 4164 949 4239 respectum,
971 4155 1136 4237 praecepit
