2864 4866
171 591 226 630 Al).
236 592 294 630 1229.

171 641 245 679 Tunes

169 691 259 730 claimed
268 692 295 740 by

170 742 208 780 the
216 740 285 791 popa’s

170 792 255 832 nunclo.

332 396 399 462 202
593 410 728 459 uosnnr
752 410 799 456 nn
822 409 1029 459 wnunovnn

334 571 556 635 ecclesiarum
577 569 633 633 vel
656 568 801 632 aliarum
824 569 1095 651 possessionum,
1117 586 1283 650 quocum-

333 691 400 753 que
436 671 574 736 nomine
606 676 824 743 censeantur,
852 688 922 732 non
952 668 1124 751 aliquibus
1158 667 1283 731 debitis

332 771 388 835 vel
405 770 567 853 expensis
590 768 708 850 aliqua
730 768 910 832 occasione
932 768 1101 832 deductis.
1146 765 1284 830 Habuit

332 871 437 934 etiam
461 891 513 934 ex.
529 867 657 932 eisdem
683 868 793 932 literis
819 868 1062 933 auctoritatem
1089 866 1282 931 contradic-

332 978 424 1035 tores
444 967 764 1033 excommunicandi
787 974 822 1032 et
845 968 1009 1032 ecclesias
1031 967 1281 1045 interdicendi;

331 1071 434 1147 unde,
463 1069 661 1133 constitutis
679 1068 961 1150 procuratoribus
984 1070 1056 1131 suis
1076 1068 1112 1130 in
1133 1067 1281 1148 singulis

331 1170 552 1234 comitatibus
581 1167 690 1250 regni,
713 1186 832 1232 omnes
852 1168 931 1231 illos
956 1167 1280 1243 excommunicavit,

332 1271 391 1352 qui
407 1270 499 1333 circa
512 1268 662 1333 decimas
678 1268 774 1350 ipsas
794 1266 985 1331 reddendus
996 1267 1051 1333 vel
1065 1266 1279 1332 taxationem

331 1369 522 1433 faciendam
546 1387 609 1451 per
627 1386 677 1445 se,
695 1367 750 1432 vel
768 1386 830 1449 per
841 1368 960 1444 alium,
982 1366 1179 1442 colludium,
1197 1385 1280 1448 pac·

331 1477 403 1535 tum
420 1469 587 1551 iniquum,
601 1467 872 1531 subtractionem
889 1467 945 1531 vel
956 1466 1111 1531 fraudem
1127 1467 1280 1549 aliquam

331 1568 494 1632 duxerint
509 1567 713 1631 faciendam.
754 1566 813 1644 Et,
834 1557 999 1650 quoniam
1018 1566 1197 1647 negotium
1212 1564 1280 1629 fes·

331 1669 442 1731 tinum
467 1667 643 1749 exigebat.
657 1666 839 1742 auxilium,
870 1667 1024 1748 praelatis
1055 1664 1214 1729 omnibus
1245 1673 1281 1728 et

331 1767 408 1832 aliis
439 1769 504 1831 sub
538 1787 652 1849 poena,
679 1766 1046 1830 excommunicationis
1073 1765 1213 1842 indixit,
1239 1772 1280 1827 ut

332 1868 387 1931 vel
408 1875 542 1944 mutuo,
559 1867 614 1931 vel
636 1866 705 1929 alio
724 1885 941 1948 quocumque
963 1866 1077 1942 modo,
1099 1865 1280 1947 pecuniam

331 1968 556 2050 perquisitam
582 1966 648 2030 sibi
671 1965 848 2030 traderent
872 1964 1028 2042 indilate,
1054 1972 1093 2028 ut
1116 1984 1192 2029 eam
1219 1965 1281 2028 do·

330 2067 425 2131 mino
449 2086 550 2150 papae
579 2065 807 2131 incontinenti
830 2066 1114 2142 transmitterent,
1137 2065 1281 2128 eandem

331 2168 561 2249 postmodum,
578 2165 719 2231 decimis
733 2165 948 2248 singulorum
967 2167 1031 2229 rite
1047 2165 1189 2242 taxatis,
1207 2165 1281 2247 ple-

331 2269 428 2330 narie
457 2267 641 2349 recepturi.
702 2265 789 2329 Erat
814 2266 905 2329 enim
929 2265 1020 2328 idem
1047 2285 1140 2348 papa
1168 2271 1223 2328 tot
1246 2272 1281 2329 et

332 2367 440 2430 tantis
463 2367 640 2431 involutus
665 2365 801 2443 debitis,
824 2372 876 2443 ut,
891 2365 982 2429 unde
1002 2365 1159 2429 bellicam
1175 2384 1279 2446 quam

330 2475 531 2550 susceperat
550 2465 806 2548 expeditionem
820 2465 1019 2549 sustineret,
1031 2465 1169 2547 penitus
1184 2465 1281 2546 igno·

331 2572 435 2630 raret.
490 2566 538 2630 Et
565 2567 616 2629 sic
649 2565 764 2630 soluto
796 2565 954 2644 concilio,
986 2564 1280 2629 murmurantibus

331 2665 478 2744 cunctis,
499 2672 727 2730 recesserunt.

401 2837 451 2901 Do
464 2837 616 2902 coactione
629 2836 819 2922 pronissime
836 2837 994 2922 dictorum
1009 2837 1208 2904 decimarum.

170 2980 319 3030 reseramus
394 2960 453 3037 Et,
481 2960 535 3023 his
560 2960 612 3023 ita
634 2961 754 3042 gestis,
784 2961 879 3026 misit
903 2962 1131 3028 incontinenti
1161 2964 1280 3030 literas

170 3032 267 3071 exactlon
278 3033 302 3073 ot

170 3081 237 3121 them.

331 3079 413 3124 suas
431 3060 596 3142 magister
618 3059 814 3143 Stephanus
839 3062 881 3125 ad
905 3063 1062 3144 singulos
1088 3065 1281 3148 episcopoS,

332 3162 488 3237 abbates
509 3159 641 3242 priores
667 3168 702 3223 et
716 3161 966 3245 cujuscumque
991 3163 1214 3244 professionis
1230 3165 1282 3230 vi-

331 3279 388 3324 ros
412 3259 592 3341 religiosos
615 3261 725 3341 regni,
747 3262 811 3324 sub
833 3281 940 3344 poena
962 3262 1137 3328 interdicti
1157 3273 1193 3328 et
1216 3286 1279 3330 ex-

329 3359 651 3423 communicationis
676 3361 894 3444 praecipiens
921 3369 962 3425 ut
984 3362 1047 3426 tali
1068 3364 1123 3427 die
1146 3372 1280 3430 tantam

331 3459 486 3541 pecuniae
508 3478 677 3523 summam
701 3459 766 3524 sibi
788 3463 1063 3526 transmitterent
1077 3463 1121 3527 de
1141 3474 1280 3531 moneta

332 3559 375 3622 ad
399 3558 534 3641 pondus
563 3557 695 3622 denarii
730 3562 876 3642 probata
899 3570 935 3626 et
961 3581 1073 3644 nuper
1099 3564 1278 3644 fabricata,

332 3666 373 3722 ut
403 3658 483 3723 inde
520 3657 747 3723 creditoribus
780 3660 910 3724 domini
944 3680 1046 3743 papae
1079 3664 1280 3730 satisfacere

332 3766 451 3840 posset
473 3764 507 3822 et
530 3758 597 3840 ipsi
623 3778 745 3841 poenas
775 3760 962 3824 evaderent
985 3760 1180 3844 interdicti;
1204 3775 1279 3832 erat

331 3859 421 3921 enim
439 3859 474 3920 in
494 3857 598 3941 hujus
616 3859 665 3921 rei
682 3861 905 3925 exsecutione
922 3860 1008 3925 adeo
1029 3861 1205 3945 improbus
1219 3886 1281 3930 ex-

331 3965 440 4034 actor,
460 3964 500 4021 ut
515 3958 620 4021 etiam
644 3957 686 4022 de
708 3958 865 4042 frugibus
884 3961 1040 4026 autumni
1061 3963 1180 4042 futuri,
1200 3985 1278 4048 quae

330 4056 443 4120 adhuc
464 4057 500 4119 in
522 4057 628 4121 herba
652 4061 863 4138 crescebant,
885 4061 1041 4144 singulos
1059 4065 1279 4146 compelleret

330 4155 540 4221 decimarum
557 4158 622 4222 sibi
638 4159 787 4242 pretium
804 4161 975 4227 exhibere.
1031 4162 1175 4229 Praelati
1186 4186 1280 4245 vero,
