2864 4866
445 419 585 469 anonas
607 421 879 470 uisroaranuu.
1091 408 1136 471 55

185 563 351 661 ligenda3
382 586 430 656 et,
462 581 553 645 sicut
576 599 599 644 a
627 581 767 663 perfidis
795 580 1013 664 postmodum
1046 580 1134 645 didi·
1145 597 1172 637 A
1145 596 1268 697 ἰ381219

187 686 310 743 cerunt
332 679 464 757 fideles,
494 681 684 764 quingenta
715 682 832 763 capita
861 649 1178 746 Christianorumn
1179 698 1261 738 mota

186 779 339 844 Soldano
367 780 579 864 praesentata
611 781 762 845 fuerunt.
815 780 1023 846 Christianis
1052 803 1134 847 vero

187 878 252 944 hoe
274 880 466 946 certissime
486 888 636 960 constat,
652 881 771 964 quod
760 902 797 945 ιιι
813 882 991 965 praecipua
1011 882 1134 948 militia

187 999 252 1044 sua
275 980 404 1045 damna
426 981 492 1045 sibi
512 981 674 1047 luctuosa
696 983 937 1047 sustinuerunt
955 982 1134 1060 inereduli,

188 1080 277 1144 unde
302 1081 474 1145 Soldanus
495 1101 601 1146 unum
622 1081 665 1145 de
683 1082 832 1166 captivis
854 1081 928 1146 suis
947 1082 991 1146 ad
1015 1081 1135 1147 Chris·

187 1181 301 1246 tianos
316 1182 458 1246 mittens
476 1181 519 1245 de
535 1190 660 1264 treuga
676 1182 732 1248 vel
747 1202 833 1268 pace
848 1188 999 1247 tractare
1015 1183 1135 1264 coepit,

185 1280 307 1363 inquo
323 1289 474 1346 tractatu
493 1289 742 1366 reparaverunt
757 1281 926 1347 fossatum
944 1302 1044 1346 snum
1066 1282 1135 1347 ele-

186 1390 310 1463 ganter
322 1390 360 1447 et
375 1383 462 1447 alias
477 1383 654 1448 machinas
672 1381 872 1447 Christiani.

187 1626 192 1632 ,
210 1553 352 1634 Qualiter
358 1555 521 1642 pereprini
535 1556 664 1642 quidam
678 1577 700 1621 a
714 1555 865 1622 Domitia
880 1576 941 1622 non
959 1556 1114 1622 licentiati

564 1665 756 1722 remeamini.

253 1779 289 1845 N
291 1789 384 1848 autae
418 1783 559 1867 quidam
594 1801 636 1846 eo
675 1787 830 1863 tempore
863 1779 1136 1845 Christianitatis

188 1880 391 1962 proditores,
420 1891 457 1948 et
488 1902 566 1947 cum
603 1883 653 1946 eis
684 1880 873 1945 Christiani
908 1880 1021 1959 multi,
1055 1888 1136 1945 ante

187 1986 324 2064 tempus
354 1984 511 2049 consueti
543 1981 697 2066 passagii
726 1981 914 2045 exercitum
943 1979 1073 2044 Christi
1098 1980 1135 2044 in

187 2099 322 2146 summo
366 2083 520 2168 periculo
567 2083 792 2165 reliquerunt,
834 2081 894 2163 qui
936 2080 1135 2144 recedentes

190 2180 406 2248 Christicolis
439 2183 653 2259 moestitiam,
697 2179 900 2264 Babyloniis
941 2180 1135 2258 audaciam,

185 2283 430 2362 contulerunt3
462 2283 554 2348 unde
576 2288 764 2347 tractatum
785 2282 882 2364 pacis
904 2281 1135 2345 intermitten-

190 2388 244 2445 tes
272 2382 453 2462 increduli,
481 2385 519 2448 in
547 2377 685 2465 ¹vigilia
713 2393 913 2447 sanctorum
940 2380 1075 2446 Cosmae
1101 2388 1136 2445 et

190 2481 355 2548 Damiani
380 2492 417 2550 et
439 2483 599 2568 proximo
623 2483 679 2546 die
707 2481 878 2565 sequenti,
908 2501 986 2546 cnm
1013 2481 1136 2564 galeiis

186 2589 225 2646 et
241 2584 396 2649 barbatis
418 2585 561 2649 armatis
587 2603 649 2666 per
676 2582 804 2646 flumen
830 2587 866 2646 et
890 2590 1030 2659 terram,
1058 2601 1136 2645 eum

189 2684 431 2765 mangonellis,
450 2684 584 2767 targiis,
610 2689 646 2747 et
667 2682 848 2747 fruticibus
874 2702 936 2764 pro
961 2681 1136 2764 implendo

190 2781 467 2850 Christianorum
503 2784 647 2861 fossato,
685 2776 697 2814 ²
708 2783 882 2866 petierunt
913 2801 973 2846 eos
1006 2782 1137 2864 impetu

189 2892 356 2950 consueto
377 2893 414 2950 et
435 2885 616 2949 barbarica
640 2882 777 2947 feritate
802 2882 998 2965 multosque
1019 2881 1137 2945 fideles

188 2982 254 3048 hoe
275 2986 390 3050 subito
417 2986 548 3069 impetu
578 2989 823 3067 peremerunt3
860 2982 921 3046 sed
946 2982 1137 3065 triumpha·

189 3090 247 3148 tor
267 3085 303 3149 in
322 3085 445 3162 Israel,
461 3085 680 3167 omnipotens
697 3083 807 3159 Deus,
823 3081 947 3146 castris
969 3082 1042 3144 suis
1058 3101 1139 3164 pro·

190 3184 289 3262 vidit,
317 3186 423 3249 misso
452 3204 515 3268 per
539 3203 635 3247 mare
662 3183 826 3247 Savarico
855 3180 898 3245 de
926 3180 1137 3244 Malo-leone

187 3304 266 3348 eum
280 3285 403 3367 galeiis
418 3284 561 3349 armatis
577 3291 613 3348 et
623 3282 849 3347 bellatoribus
866 3280 996 3345 multis.
1037 3279 1138 3343 Tunc

189 3383 391 3463 Christiani,
413 3384 479 3450 hoc
498 3386 587 3460 viso,
607 3383 645 3446 in
665 3382 726 3446 illo
748 3380 965 3445 necessitatis
991 3379 1138 3443 articulo

186 3485 428 3551 clamaverunt
446 3486 482 3548 in
507 3483 644 3561 eaelum,
668 3483 783 3547 Deum
806 3481 988 3544 laudantes
1012 3486 1048 3543 et
1068 3499 1138 3544 non

189 3585 416 3668 trepidantes,
439 3583 500 3648 sed
528 3585 564 3647 in
592 3583 713 3667 praelio
739 3582 896 3646 hostibus
916 3580 1061 3645 viriliter
1084 3600 1138 3645 re-

187 3686 350 3773 sistentes
372 3684 568 3749 incredulos
589 3682 748 3747 recedere
775 3681 1017 3764 compulerunt
1038 3679 1139 3743 Illius

186 3785 317 3850 virtute
333 3786 394 3868 qui
408 3785 523 3849 salvat
539 3790 719 3865 sperantes
732 3783 768 3845 in
784 3801 833 3845 se.

225 3963 346 4028 ¹Vr'giliu
366 3968 504 4014 sanctorum
522 3965 614 4012 Com
630 3966 655 4012 et
715 3953 900 4028 ’Petierunt.]
929 3957 1094 4009 ‘Perierunt'
1113 3957 1140 4005 in

192 4029 333 4103 Dumium]
356 4035 416 4084 noth
427 4033 457 4083 oi
464 4033 619 4096 September.
681 4031 738 4082 MS.
