2864 4866
195 589 250 628 Δ.1).
262 587 319 628 1227.

193 640 239 679 The
247 639 313 688 patri·

195 751 222 779 on
231 741 269 780 the

356 395 421 461 148
606 413 740 461 nouum
764 412 810 460 nu
834 411 1041 462 wnuoovnn

356 570 470 650 Acon,
503 573 655 636 instante
690 573 779 635 sesto
813 570 1047 654 apostolorum
1085 568 1237 632 Simonis
1269 572 1304 629 et

194 689 261 729 ·reh's
270 690 333 729 letter
357 672 381 736 J
384 673 472 749 udae,
500 673 718 736 adstantibus
744 672 933 754 peregrinis
962 670 1132 744 omnibuS,
1161 668 1219 731 ubi
1248 687 1305 730 so-

194 791 288 830 nuere.
354 772 515 836 lemniter
537 779 589 836 est
609 774 827 855 imperatum,
849 777 888 834 ut
910 777 1026 834 essent
1045 787 1164 833 omnes
1189 767 1304 850 parati

357 873 392 936 in
409 873 560 937 crastino
577 872 739 936 Omnium
756 879 955 936 sanctorum
972 889 1093 934 versus
1108 868 1305 934 Caesaream

356 972 566 1055 profecturi;
591 972 683 1054 quod
704 972 882 1036 audientes
904 971 1086 1054 peregrini,
1111 969 1170 1052 qui
1194 969 1307 1032 consi-

358 1072 442 1136 lium
467 1073 687 1154 ignorabant,
717 1072 808 1155 quod
837 1071 1010 1135 exercitus
1033 1076 1220 1134 tractatum
1243 1068 1306 1131 ha·

358 1173 466 1251 beret,
483 1172 628 1236 firmatis
646 1172 893 1235 munitionibus
913 1171 1100 1253 praedictis,
1119 1169 1156 1232 in
1174 1169 1305 1231 Hieru-

358 1273 465 1344 salem
496 1272 705 1356 procedendi
733 1278 833 1336 tanta
860 1271 975 1334 subito
1000 1277 1099 1334 erant
1124 1269 1308 1333 devotione

358 1373 526 1449 succensi,
548 1373 639 1455 quod
657 1373 900 1437 excitaverunt
923 1372 1041 1435 oculos
1064 1370 1107 1433 ad
1128 1369 1307 1433 abundan-

358 1474 442 1544 tiam
464 1472 731 1555 lachrymarum,
753 1480 793 1536 ut
809 1472 991 1535 videbatur
1011 1470 1151 1535 cuilibet
1172 1490 1209 1534 se
1232 1469 1310 1552 Spi-

359 1573 447 1636 ritus
466 1573 586 1637 Sancti
613 1574 727 1655 gratia
751 1573 838 1637 adeo
861 1573 1071 1648 roboratum,
1098 1571 1190 1653 quod
1219 1590 1309 1633 unus

359 1680 478 1756 posset
494 1673 599 1750 mille,
614 1681 649 1738 et
666 1673 733 1737 duo
751 1674 867 1737 decom
884 1672 1004 1750 millia,
1018 1691 1193 1753 superare.
1225 1669 1261 1734 N
1263 1691 1310 1735 un

359 1773 467 1854 igitur
482 1780 630 1856 oportet,
648 1780 688 1837 ut
703 1773 878 1838 devotioni
894 1781 1019 1837 vestrae
1040 1772 1157 1835 multis
1177 1772 1310 1853 suppli-

360 1875 553 1938 cationibus
568 1874 780 1951 insistamus,
797 1874 856 1936 ubi
872 1880 980 1937 tantae
1000 1872 1216 1937 necessitatis
1240 1873 1311 1936 evi-

360 1974 444 2037 dens
468 1975 635 2038 instantia
660 1993 786 2056 prose
812 1974 950 2050 clamat,
968 1974 1102 2056 sibique
1128 1973 1311 2037 subvenire

361 2074 518 2157 postulat
540 2074 706 2153 indilate3
731 2074 813 2156 quia
832 2094 929 2138 mora
955 2074 999 2137 ad
1025 2093 1062 2137 so
1086 2073 1194 2137 trahit
1218 2074 1310 2155 peri·

361 2175 488 2252 culum,
517 2181 553 2237 et
583 2174 759 2239 festinatio
798 2174 983 2256 plurimum
1022 2174 1089 2237 erit
1119 2173 1309 2237 fructuosa.

363 2273 500 2338 Clamat
531 2282 645 2338 autem
680 2275 723 2338 ad
755 2274 912 2356 singulos
938 2273 1067 2338 Christi
1093 2273 1235 2354 sanguis
1267 2273 1310 2336 de

261 2405 264 2409 ⁴
361 2381 476 2451 terra3
501 2374 676 2457 supplicat
691 2394 821 2457 parvus
841 2381 876 2438 ot
890 2373 1029 2439 humilis
1044 2375 1230 2451 exercitus
1249 2374 1310 2437 sed

361 2473 520 2551 devotus,
540 2475 605 2538 sibi
627 2474 784 2538 celeriter
805 2475 993 2552 subveniri,
1015 2493 1158 2556 sperans
1185 2475 1221 2536 in
1236 2474 1311 2538 Do-

361 2574 453 2637 mino
481 2581 517 2637 et
538 2574 725 2652 confidens
749 2575 841 2657 quod
864 2577 1040 2656 negotium
1062 2574 1237 2638 humiliter
1257 2576 1311 2637 in·

361 2673 522 2738 chuatum
549 2674 671 2740 debeat
698 2675 774 2756 ipsu
796 2674 1002 2739 concedente
1029 2674 1175 2738 feliciter
1194 2675 1308 2739 termi-

362 2775 447 2837 nari.
501 2774 664 2839 Universi
692 2775 799 2856 igitur
822 2782 857 2839 et
882 2776 1022 2857 singuli,
1050 2775 1109 2857 qni
1134 2774 1311 2840 Christum

362 2874 520 2938 induistis
544 2894 606 2957 per
624 2875 738 2951 fidem,
756 2875 901 2940 viriliter
917 2875 1136 2958 accingimini
1151 2876 1194 2939 ad
1210 2882 1313 2940 terrae

362 2982 720 3052 sanctae‘succursum
736 2995 814 3038 cum
829 2976 885 3039 hic
902 2995 1007 3039 causa
1022 2976 1211 3040 communis
1228 2995 1313 3058 aga-

362 3081 430 3151 tur,
454 3083 579 3140 vestrae
605 3076 737 3140 scilicet
755 3075 833 3139 fidei
854 3095 895 3140 ac
915 3077 1023 3140 totius
1044 3077 1165 3158 populi
1192 3075 1311 3141 Chris-

361 3175 460 3241 tiani.
507 3173 582 3238 Nos
603 3176 692 3239 onim
715 3176 923 3258 promotioni
946 3176 1050 3261 hujus
1072 3175 1214 3256 negotii,
1232 3197 1314 3259 pro-

361 3275 474 3340 visore
501 3274 652 3338 Domino
677 3282 713 3340 et
728 3281 881 3351 auctore,
907 3296 976 3340 non
1001 3295 1175 3340 cessamus
1197 3277 1311 3342 inten-

361 3374 459 3452 dere,
491 3378 670 3457 sperantes
707 3375 923 3453 fiducialiter,
957 3376 1047 3458 quod
1082 3378 1119 3440 in
1148 3377 1309 3442 manibus

360 3475 511 3539 fidelium
535 3474 682 3538 fideliter
704 3477 996 3558 perseverantium
1018 3477 1142 3540 debeat
1168 3498 1312 3560 prospe·

361 3576 442 3639 rari.
488 3574 583 3638 Data
601 3574 777 3652 Laterani,
799 3576 932 3641 decimu
955 3576 1122 3641 kalendas
1139 3576 1163 3640 J
1166 3579 1312 3656 anuarii,

361 3675 584 3759 pontificatus
601 3676 710 3738 nostri
728 3695 819 3740 anno
841 3676 975 3760 primo?

462 3846 607 3922 Qualiter
621 3851 772 3936 capotium
789 3861 877 3916 tcrrae
893 3861 1005 3916 sauctae
1014 3875 1078 3938 pro
1095 3853 1215 3938 defectu

575 3949 772 4035 imperatoris
780 3953 887 4036 fucrit
903 3953 1095 4038 impeditum.

199 4091 352 4190 ffllffilf’
414 4070 626 4184 'Imperator
663 4083 779 4141 antem
819 4078 1057 4142 Romanorum
1098 4080 1314 4159 FredericuS‚

200 4242 260 4282 book.

198 4190 423 4252 masalmam}
446 4191 522 4237 curn
547 4174 624 4238 aliis
653 4196 754 4242 cruce
778 4178 937 4259 signatis»
951 4180 1015 4242 sub
1040 4199 1146 4262 poena
1172 4201 1312 4246 excom-
