2864 4866
360 393 404 460 58
617 409 751 458 sonum
774 409 822 456 11
844 408 1053 458 wunncvmr

201 585 323 626 11111.
362 567 566 633 necessariis
588 568 633 632 ad
660 566 872 651 reparandos
895 586 1013 631 muros
1036 565 1258 633 Hierusalem
1279 576 1315 634 et

361 670 538 735 civitatem
555 669 592 732 in
607 675 737 733 statum
751 668 935 751 pristinum
952 667 1192 734 reducendam.
1240 669 1314 733 Ob·

362 769 442 833 tulit
459 769 601 852 insuper
613 768 766 833 totaliter
784 787 927 850 regnum
943 766 1313 855 Hierosolymitanum,

361 859 489 951 praeter
516 867 684 932 Graecum
711 875 747 933 et
773 867 1108 952 Mentem-regalem,
1138 889 1202 952 pro
1233 871 1313 953 qui·

361 970 427 1034 bus
454 969 641 1033 retinendis
670 968 837 1032 tributum
864 968 990 1033 obtulit
1021 969 1167 1051 singulis
1199 971 1312 1047 annis,

362 1070 529 1134 videlicet⁴
559 1069 739 1133 duodecim
781 1068 890 1132 millia
926 1068 1106 1146 bizantios,
1146 1071 1312 1151 quamdiu

362 1169 424 1234 illa
452 1175 610 1249 teneret;
652 1175 736 1233 sunt
767 1175 883 1232 autem
917 1168 987 1233 duo
1018 1175 1134 1234 castra
1167 1170 1242 1233 haec
1275 1170 1312 1233 in

362 1268 507 1347 Arabia,
534 1276 667 1353 septem
696 1269 908 1333 firmissimas
940 1269 1148 1334 munitiones
1179 1269 1311 1334 haben«

362 1371 425 1448 tia,
455 1391 517 1452 per
542 1389 620 1452 quae
647 1370 881 1450 negotiatores
910 1388 1124 1452 paganorum
1152 1376 1189 1433 11
1212 1389 1310 1453 pere-

362 1471 454 1551 grini
477 1468 638 1534 Mechum
660 1469 839 1534 tendentes
861 1469 918 1533 vel
941 1471 985 1533 ab
1012 1469 1074 1534 1111
1097 1477 1310 1535 revertentes

362 1571 511 1634 transire
533 1570 657 1646 solent,
681 1570 798 1651 etqui
823 1569 897 1634 haec
914 1570 1063 1634 tenuerit
1087 1568 1310 1634 Hierusalem
1347 1561 1353 1572 ’

361 1690 439 1733 cum
471 1671 581 1735 vineis
602 1669 772 1752 ,graviter
807 1676 842 1733 et
875 1671 969 1752 agris
1005 1669 1130 1734 laedere
1166 1671 1309 1736 valebit.

364 1769 468 1834 Hanc
499 1769 780 1852 compositionem
808 1788 884 1834 esse
912 1769 1158 1851 acceptandam
1186 1777 1222 1834 et
1244 1771 1314 1834 uti·

362 1870 429 1934 lem
458 1890 533 1934 esse
561 1869 815 1934 Christianitati
842 1888 904 1933 rex
933 1868 1167 1948 Hierusalem,
1193 1889 1309 1935 comes

363 1968 556 2035 cestrensis
588 1978 624 2034 et
651 1990 769 2034 omnes
806 1971 1032 2053 Francigenae
1065 1989 1144 2033 cum
1178 1971 1312 2053 capita·

362 2072 436 2135 neis
455 2071 725 2136 Teutonieorum
744 2070 968 2153 pertinaciter
988 2077 1218 2152 censuerunt3
1245 2091 1310 2135 nec

362 2171 427 2235 hoc
460 2171 652 2235 mirandum
685 2176 750 2246 est,
781 2189 860 2234 cum
895 2169 1006 2233 multo
1046 2171 1177 2235 minore
1209 2190 1309 2255 pace,

362 2291 441 2353 quae
461 2272 558 2353 prius
579 2272 698 2335 oblata
716 2269 841 2348 fuerat,
860 2271 1013 2334 contenti
1032 2269 1179 2334 fuissent
1195 2270 1311 2334 Chris-

362 2371 462 2446 tiani,
484 2372 551 2434 nisi
574 2371 716 2434 insano
738 2370 882 2434 consilio
902 2371 952 2433 eis
974 2370 1097 2434 fuisset
1119 2371 1310 2436 obviatum.

363 2464 533 2552 Legatus¹
557 2478 685 2548 autem,
709 2471 988 2554 concupiscentia
1013 2470 1311 2536 11111111111111ε
1341 2472 1346 2484 '

361 2571 447 2635 tntis
476 2571 612 2648 ductuS,
640 2576 676 2635 et
698 2590 760 2654 per
787 2591 864 2634 enm
892 2569 1090 2652 patriarcha
1114 2590 1193 2634 cum
1217 2572 1311 2636 clero

364 2671 538 2749 universo,
564 2670 644 2735 huic
670 2671 911 2753 compositioni
938 2690 1013 2734 sese
1037 2678 1231 2753 opponunt,
1252 2691 1310 2735 as·

363 2778 517 2836 serentes
540 2778 740 2835 constanter
764 2778 844 2835 1111
871 2770 986 2834 omnia
1012 2770 1208 2834 Damietam
1235 2770 1311 2836 fore

363 2870 591 2953 capiendam3
621 2871 737 2953 opinio
764 2869 902 2934 diversa
933 2871 1066 2952 peperit
1091 2870 1312 2950 discordiam,

363 2969 454 3034 unde
476 2971 587 3034 nuntii
608 2970 752 3034 Soldani
776 2970 850 3035 laeti
876 2976 1101 3034 recesserunt.
1154 2969 1311 3054 Cumque

363 3069 438 3135 haec
461 3071 612 3135 Soldano
636 3071 795 3135 nuntiata
820 3069 977 3146 fuissent,
1000 3071 1093 3134 misit
1112 3071 1201 3134 elam
1222 3071 1312 3135 mul·

363 3170 544 3236 titudinem
582 3191 744 3252 magnam
782 3170 937 3252 peditum
970 3189 1032 3252 per
1064 3171 1233 3252 palustria
1266 3172 1310 3235 ad

363 3270 574 3349 Damietam,
598 3290 745 3354 quorum
769 3269 1173 3352 ducentiquadraginta,
1194 3270 1313 3336 Chris-

363 3371 467 3434 tianis
500 3371 760 3446 dormientibus
792 3369 977 3435 Dominica
1007 3377 1108 3434 nocte
1137 3378 1218 3453 post
1243 3371 1313 3435 fes·

362 3477 436 3534 tum
466 3470 629 3534 Omnium
660 3477 857 3533 sanctorum
887 3470 986 3534 licius
1012 3489 1130 3534 eorum
1157 3471 1311 3537 intrave-

362 3575 456 3645 runt,
478 3570 539 3633 sed
564 3590 626 3651 per
648 3569 833 3633 clamorem
854 3569 999 3652 vigilum
1022 3571 1196 3635 exercitus
1217 3571 1312 3654 capti

362 3675 444 3734 sunt
464 3668 521 3732 vel
547 3668 731 3746 interfecti,
759 3688 847 3751 quos
876 3670 920 3733 ad
950 3668 1088 3734 centum
1110 3671 1166 3734 vel
1193 3671 1311 3754 plures

360 3776 627 3833 numeraverunt
644 3789 689 3832 ex
707 3769 864 3852 captivis.

399 3939 546 4012 'Legatus.]
564 3944 687 4008 ‘Herein,
695 3961 727 3995 no
734 3945 823 4009 doubt,
847 3947 911 4012 have
928 3963 960 3997 no
977 3947 1035 4010 end,
1052 3949 1098 3996 but
1109 3948 1140 3997 be
1158 3948 1272 4012 alwayes
1285 3951 1311 4002 iu

300 4025 305 4036 '
362 4016 394 4065 he
414 4015 533 4064 followed
552 4015 594 4064 the
617 4015 779 4065 instructions
797 4016 826 4064 os
848 4016 934 4080 doing,
945 4019 1041 4080 though
1053 4034 1129 4068 never
1140 4015 1221 4069 done?
1241 4020 1312 4082 Holy

360 4086 400 4136 his
423 4090 525 4147 master,
544 4085 631 4134 whose
654 4087 703 4134 end
726 4087 751 4134 in
771 4087 822 4136 this
847 4089 945 4149 Warre,
955 4104 982 4150 p.
996 4093 1052 4141 155.

359 4171 440 4206 werre
449 4170 503 4206 uas
514 4156 569 4205 that
576 4156 627 4205 this
638 4171 719 4206 marre
729 4157 821 4207 should
