<?xml version="1.0" encoding="UTF-8"?>
<!DOCTYPE html PUBLIC "-//W3C//DTD XHTML 1.0 Transitional//EN"
    "http://www.w3.org/TR/xhtml1/DTD/xhtml1-transitional.dtd">
<html xmlns="http://www.w3.org/1999/xhtml" xml:lang="en" lang="en">
 <head>
  <title>
</title>
<meta http-equiv="Content-Type" content="text/html;charset=utf-8" />
  <meta name='ocr-system' content='tesseract 3.04.00' />
  <meta name='ocr-capabilities' content='ocr_page ocr_carea ocr_par ocr_line ocrx_word'/>
</head>
<body>
  <div class='ocr_page' id='page_1' title='image "./rogeridewendove03rogegoog_0334.png"; bbox 0 0 2864 4866; ppageno 0'>
   <div class='ocr_carea' id='block_1_1' title="bbox 384 411 1072 479">
    <p class='ocr_par' dir='ltr' id='par_1_1' title="bbox 384 411 1072 479">
     <span class='ocr_line' id='line_1_1' title="bbox 384 411 1072 479; baseline -0.003 -1"><span class='ocrx_word' id='word_1_1' title='bbox 384 431 524 478; x_wconf 80' lang='lat' dir='ltr'><strong>rnoans</strong></span> <span class='ocrx_word' id='word_1_2' title='bbox 547 431 818 479; x_wconf 84' lang='lat' dir='ltr'><strong>ursroamauu.</strong></span> <span class='ocrx_word' id='word_1_3' title='bbox 1006 411 1072 477; x_wconf 77' lang='lat'><strong>323</strong></span> 
     </span>
    </p>
   </div>
   <div class='ocr_carea' id='block_1_2' title="bbox 121 586 1079 2663">
    <p class='ocr_par' dir='ltr' id='par_1_2' title="bbox 121 586 1079 2663">
     <span class='ocr_line' id='line_1_2' title="bbox 124 586 1071 671; baseline -0.005 -16"><span class='ocrx_word' id='word_1_4' title='bbox 124 589 253 671; x_wconf 84' lang='lat' dir='ltr'>spexit,</span> <span class='ocrx_word' id='word_1_5' title='bbox 279 610 347 654; x_wconf 90' lang='lat' dir='ltr'><strong>non</strong></span> <span class='ocrx_word' id='word_1_6' title='bbox 374 591 476 654; x_wconf 91' lang='lat' dir='ltr'><strong>debet</strong></span> <span class='ocrx_word' id='word_1_7' title='bbox 506 588 571 654; x_wconf 90' lang='lat' dir='ltr'><strong>hoc</strong></span> <span class='ocrx_word' id='word_1_8' title='bbox 597 591 632 654; x_wconf 91' lang='lat' dir='ltr'><strong>iu</strong></span> <span class='ocrx_word' id='word_1_9' title='bbox 659 589 940 655; x_wconf 86' lang='lat' dir='ltr'><strong>cousuetudinem</strong></span> <span class='ocrx_word' id='word_1_10' title='bbox 968 586 1071 665; x_wconf 89' lang='lat' dir='ltr'><strong>trahi,</strong></span> 
     </span>
     <span class='ocr_line' id='line_1_3' title="bbox 124 689 1071 772; baseline 0 -21"><span class='ocrx_word' id='word_1_11' title='bbox 124 690 207 772; x_wconf 92' lang='lat' dir='ltr'><strong>quia</strong></span> <span class='ocrx_word' id='word_1_12' title='bbox 244 690 306 754; x_wconf 92' lang='lat' dir='ltr'><strong>illa</strong></span> <span class='ocrx_word' id='word_1_13' title='bbox 337 691 413 754; x_wconf 91' lang='lat' dir='ltr'><strong>sola</strong></span> <span class='ocrx_word' id='word_1_14' title='bbox 453 691 667 755; x_wconf 90' lang='lat' dir='ltr'><strong>consuetudo</strong></span> <span class='ocrx_word' id='word_1_15' title='bbox 703 689 852 754; x_wconf 88' lang='lat' dir='ltr'><strong>tenenda</strong></span> <span class='ocrx_word' id='word_1_16' title='bbox 888 697 952 766; x_wconf 92' lang='lat' dir='ltr'><strong>est,</strong></span> <span class='ocrx_word' id='word_1_17' title='bbox 993 708 1071 771; x_wconf 88' lang='lat' dir='ltr'><strong>quae</strong></span> 
     </span>
     <span class='ocr_line' id='line_1_4' title="bbox 121 789 1072 873; baseline 0 -22"><span class='ocrx_word' id='word_1_18' title='bbox 121 789 201 873; x_wconf 90' lang='lat' dir='ltr'><strong>jure</strong></span> <span class='ocrx_word' id='word_1_19' title='bbox 233 799 370 855; x_wconf 88' lang='lat' dir='ltr'><strong>constat</strong></span> <span class='ocrx_word' id='word_1_20' title='bbox 398 798 434 855; x_wconf 91' lang='lat' dir='ltr'><strong>et</strong></span> <span class='ocrx_word' id='word_1_21' title='bbox 459 791 594 854; x_wconf 89' lang='lat' dir='ltr'><strong>ratione</strong></span> <span class='ocrx_word' id='word_1_22' title='bbox 625 792 796 870; x_wconf 83' lang='lat' dir='ltr'><strong>subnixa3</strong></span> <span class='ocrx_word' id='word_1_23' title='bbox 827 797 874 866; x_wconf 91' lang='lat' dir='ltr'><strong>et,</strong></span> <span class='ocrx_word' id='word_1_24' title='bbox 902 789 994 872; x_wconf 91' lang='lat' dir='ltr'><strong>quod</strong></span> <span class='ocrx_word' id='word_1_25' title='bbox 1018 789 1072 852; x_wconf 90' lang='lat' dir='ltr'><strong>his</strong></span> 
     </span>
     <span class='ocr_line' id='line_1_5' title="bbox 126 889 1073 973; baseline 0.001 -22"><span class='ocrx_word' id='word_1_26' title='bbox 126 890 284 953; x_wconf 89' lang='lat' dir='ltr'><strong>omnibus</strong></span> <span class='ocrx_word' id='word_1_27' title='bbox 304 890 417 973; x_wconf 89' lang='lat' dir='ltr'><strong>majus</strong></span> <span class='ocrx_word' id='word_1_28' title='bbox 439 897 505 967; x_wconf 89' lang='lat' dir='ltr'><strong>est,</strong></span> <span class='ocrx_word' id='word_1_29' title='bbox 533 889 691 955; x_wconf 88' lang='lat' dir='ltr'><strong>Christus</strong></span> <span class='ocrx_word' id='word_1_30' title='bbox 720 891 755 953; x_wconf 87' lang='lat' dir='ltr'><strong>in</strong></span> <span class='ocrx_word' id='word_1_31' title='bbox 777 909 878 954; x_wconf 89' lang='lat' dir='ltr'><strong>cruce</strong></span> <span class='ocrx_word' id='word_1_32' title='bbox 902 909 967 952; x_wconf 92' lang='lat' dir='ltr'><strong>suo</strong></span> <span class='ocrx_word' id='word_1_33' title='bbox 993 908 1073 952; x_wconf 89' lang='lat' dir='ltr'><strong>sau·</strong></span> 
     </span>
     <span class='ocr_line' id='line_1_6' title="bbox 127 989 1073 1071; baseline -0.001 -19"><span class='ocrx_word' id='word_1_34' title='bbox 127 990 232 1070; x_wconf 90' lang='lat' dir='ltr'><strong>guine</strong></span> <span class='ocrx_word' id='word_1_35' title='bbox 249 989 300 1052; x_wconf 89' lang='lat' dir='ltr'><strong>ita</strong></span> <span class='ocrx_word' id='word_1_36' title='bbox 317 990 459 1053; x_wconf 83' lang='lat' dir='ltr'><strong>liberam</strong></span> <span class='ocrx_word' id='word_1_37' title='bbox 479 990 561 1054; x_wconf 85' lang='lat' dir='ltr'><strong>fecit</strong></span> <span class='ocrx_word' id='word_1_38' title='bbox 578 990 685 1069; x_wconf 92' lang='lat' dir='ltr'><strong>illam,</strong></span> <span class='ocrx_word' id='word_1_39' title='bbox 702 989 794 1071; x_wconf 92' lang='lat' dir='ltr'><strong>quod</strong></span> <span class='ocrx_word' id='word_1_40' title='bbox 815 1008 879 1052; x_wconf 94' lang='lat' dir='ltr'><strong>nec</strong></span> <span class='ocrx_word' id='word_1_41' title='bbox 895 996 1005 1070; x_wconf 88' lang='lat' dir='ltr'><strong>portae</strong></span> <span class='ocrx_word' id='word_1_42' title='bbox 1021 989 1073 1051; x_wconf 90' lang='lat' dir='ltr'><strong>iu-</strong></span> 
     </span>
     <span class='ocr_line' id='line_1_7' title="bbox 125 1088 1073 1171; baseline 0.001 -21"><span class='ocrx_word' id='word_1_43' title='bbox 125 1088 207 1152; x_wconf 88' lang='lat' dir='ltr'><strong>ferae</strong></span> <span class='ocrx_word' id='word_1_44' title='bbox 234 1090 473 1171; x_wconf 86' lang='lat' dir='ltr'><strong>praevalebunt</strong></span> <span class='ocrx_word' id='word_1_45' title='bbox 496 1089 662 1153; x_wconf 90' lang='lat' dir='ltr'><strong>adversus</strong></span> <span class='ocrx_word' id='word_1_46' title='bbox 685 1109 774 1153; x_wconf 92' lang='lat' dir='ltr'><strong>eam.</strong></span> <span class='ocrx_word' id='word_1_47' title='bbox 827 1088 895 1152; x_wconf 91' lang='lat' dir='ltr'><strong>His</strong></span> <span class='ocrx_word' id='word_1_48' title='bbox 917 1089 1024 1170; x_wconf 91' lang='lat' dir='ltr'><strong>igitur</strong></span> <span class='ocrx_word' id='word_1_49' title='bbox 1038 1096 1073 1151; x_wconf 91' lang='lat' dir='ltr'><strong>et</strong></span> 
     </span>
     <span class='ocr_line' id='line_1_8' title="bbox 127 1188 1073 1271; baseline 0.001 -21"><span class='ocrx_word' id='word_1_50' title='bbox 127 1188 203 1251; x_wconf 91' lang='lat' dir='ltr'><strong>aliis</strong></span> <span class='ocrx_word' id='word_1_51' title='bbox 232 1188 274 1252; x_wconf 94' lang='lat' dir='ltr'><strong>de</strong></span> <span class='ocrx_word' id='word_1_52' title='bbox 305 1190 418 1253; x_wconf 88' lang='lat' dir='ltr'><strong>causis</strong></span> <span class='ocrx_word' id='word_1_53' title='bbox 445 1189 536 1253; x_wconf 90' lang='lat' dir='ltr'><strong>iuter</strong></span> <span class='ocrx_word' id='word_1_54' title='bbox 566 1189 739 1252; x_wconf 91' lang='lat' dir='ltr'><strong>dominum</strong></span> <span class='ocrx_word' id='word_1_55' title='bbox 765 1208 890 1271; x_wconf 91' lang='lat' dir='ltr'><strong>papam</strong></span> <span class='ocrx_word' id='word_1_56' title='bbox 920 1196 955 1252; x_wconf 93' lang='lat' dir='ltr'><strong>et</strong></span> <span class='ocrx_word' id='word_1_57' title='bbox 981 1189 1073 1252; x_wconf 92' lang='lat' dir='ltr'><strong>cives</strong></span> 
     </span>
     <span class='ocr_line' id='line_1_9' title="bbox 128 1287 1073 1370; baseline 0 -20"><span class='ocrx_word' id='word_1_58' title='bbox 128 1287 306 1352; x_wconf 89' lang='lat' dir='ltr'><strong>Romanos</strong></span> <span class='ocrx_word' id='word_1_59' title='bbox 338 1289 400 1352; x_wconf 88' lang='lat' dir='ltr'><strong>lite</strong></span> <span class='ocrx_word' id='word_1_60' title='bbox 433 1296 640 1365; x_wconf 89' lang='lat' dir='ltr'><strong>contestata,</strong></span> <span class='ocrx_word' id='word_1_61' title='bbox 666 1289 756 1352; x_wconf 93' lang='lat' dir='ltr'><strong>idem</strong></span> <span class='ocrx_word' id='word_1_62' title='bbox 779 1307 872 1370; x_wconf 87' lang='lat' dir='ltr'><strong>papa</strong></span> <span class='ocrx_word' id='word_1_63' title='bbox 897 1307 973 1351; x_wconf 92' lang='lat' dir='ltr'><strong>cum</strong></span> <span class='ocrx_word' id='word_1_64' title='bbox 1001 1288 1073 1350; x_wconf 91' lang='lat' dir='ltr'><strong>suis</strong></span> 
     </span>
     <span class='ocr_line' id='line_1_10' title="bbox 127 1387 1073 1470; baseline -0.001 -19"><span class='ocrx_word' id='word_1_65' title='bbox 127 1387 359 1452; x_wconf 82' lang='lat' dir='ltr'><strong>cardinalibus</strong></span> <span class='ocrx_word' id='word_1_66' title='bbox 380 1387 489 1452; x_wconf 85' lang='lat' dir='ltr'><strong>exivit</strong></span> <span class='ocrx_word' id='word_1_67' title='bbox 507 1390 550 1452; x_wconf 91' lang='lat' dir='ltr'><strong>ab</strong></span> <span class='ocrx_word' id='word_1_68' title='bbox 567 1390 651 1452; x_wconf 92' lang='lat' dir='ltr'><strong>urbe</strong></span> <span class='ocrx_word' id='word_1_69' title='bbox 667 1396 702 1452; x_wconf 89' lang='lat' dir='ltr'><strong>et</strong></span> <span class='ocrx_word' id='word_1_70' title='bbox 717 1388 809 1470; x_wconf 88' lang='lat' dir='ltr'><strong>apud</strong></span> <span class='ocrx_word' id='word_1_71' title='bbox 826 1389 944 1451; x_wconf 91' lang='lat' dir='ltr'><strong>urbem</strong></span> <span class='ocrx_word' id='word_1_72' title='bbox 964 1387 1073 1451; x_wconf 90' lang='lat' dir='ltr'><strong>Peru-</strong></span> 
     </span>
     <span class='ocr_line' id='line_1_11' title="bbox 127 1486 1073 1552; baseline 0 -2"><span class='ocrx_word' id='word_1_73' title='bbox 127 1487 215 1551; x_wconf 89' lang='lat' dir='ltr'><strong>sium</strong></span> <span class='ocrx_word' id='word_1_74' title='bbox 232 1507 361 1551; x_wconf 90' lang='lat' dir='ltr'><strong>moram</strong></span> <span class='ocrx_word' id='word_1_75' title='bbox 378 1488 532 1551; x_wconf 86' lang='lat' dir='ltr'><strong>facturus</strong></span> <span class='ocrx_word' id='word_1_76' title='bbox 548 1488 700 1552; x_wconf 82' lang='lat' dir='ltr'><strong>divertit.</strong></span> <span class='ocrx_word' id='word_1_77' title='bbox 763 1486 815 1552; x_wconf 86' lang='lat' dir='ltr'><strong>At</strong></span> <span class='ocrx_word' id='word_1_78' title='bbox 829 1488 979 1551; x_wconf 91' lang='lat' dir='ltr'><strong>Romani</strong></span> <span class='ocrx_word' id='word_1_79' title='bbox 995 1509 1073 1552; x_wconf 88' lang='lat' dir='ltr'><strong>con-</strong></span> 
     </span>
     <span class='ocr_line' id='line_1_12' title="bbox 128 1587 1073 1672; baseline -0.002 -20"><span class='ocrx_word' id='word_1_80' title='bbox 128 1595 278 1652; x_wconf 83' lang='lat' dir='ltr'><strong>tracum</strong></span> <span class='ocrx_word' id='word_1_81' title='bbox 298 1588 551 1653; x_wconf 86' lang='lat' dir='ltr'><strong>invalescentes</strong></span> <span class='ocrx_word' id='word_1_82' title='bbox 567 1587 727 1672; x_wconf 81' lang='lat' dir='ltr'><strong>quaedam</strong></span> <span class='ocrx_word' id='word_1_83' title='bbox 744 1587 854 1670; x_wconf 88' lang='lat' dir='ltr'><strong>ipsius</strong></span> <span class='ocrx_word' id='word_1_84' title='bbox 875 1588 1021 1651; x_wconf 87' lang='lat' dir='ltr'><strong>aedificia</strong></span> <span class='ocrx_word' id='word_1_85' title='bbox 1038 1588 1073 1649; x_wconf 87' lang='lat' dir='ltr'><strong>in</strong></span> 
     </span>
     <span class='ocr_line' id='line_1_13' title="bbox 128 1688 1074 1770; baseline -0.003 -19"><span class='ocrx_word' id='word_1_86' title='bbox 128 1688 270 1751; x_wconf 87' lang='lat' dir='ltr'><strong>civitate</strong></span> <span class='ocrx_word' id='word_1_87' title='bbox 290 1695 563 1769; x_wconf 88' lang='lat' dir='ltr'><strong>prostraverunt,</strong></span> <span class='ocrx_word' id='word_1_88' title='bbox 587 1689 678 1752; x_wconf 93' lang='lat' dir='ltr'><strong>unde</strong></span> <span class='ocrx_word' id='word_1_89' title='bbox 698 1707 719 1751; x_wconf 92' lang='lat' dir='ltr'><strong>a</strong></span> <span class='ocrx_word' id='word_1_90' title='bbox 735 1707 828 1770; x_wconf 89' lang='lat' dir='ltr'><strong>papa</strong></span> <span class='ocrx_word' id='word_1_91' title='bbox 843 1688 1074 1750; x_wconf 86' lang='lat' dir='ltr'><strong>excommuni-</strong></span> 
     </span>
     <span class='ocr_line' id='line_1_14' title="bbox 128 1786 1073 1871; baseline -0.001 -22"><span class='ocrx_word' id='word_1_92' title='bbox 128 1786 198 1850; x_wconf 91' lang='lat' dir='ltr'><strong>cati</strong></span> <span class='ocrx_word' id='word_1_93' title='bbox 213 1786 374 1867; x_wconf 89' lang='lat' dir='ltr'><strong>suerunt;</strong></span> <span class='ocrx_word' id='word_1_94' title='bbox 401 1789 591 1870; x_wconf 71' lang='lat' dir='ltr'><strong>quiedam,</strong></span> <span class='ocrx_word' id='word_1_95' title='bbox 608 1787 722 1871; x_wconf 92' lang='lat' dir='ltr'><strong>ipsum</strong></span> <span class='ocrx_word' id='word_1_96' title='bbox 737 1788 977 1870; x_wconf 83' lang='lat' dir='ltr'><strong>imperatorem</strong></span> <span class='ocrx_word' id='word_1_97' title='bbox 996 1806 1073 1850; x_wconf 92' lang='lat' dir='ltr'><strong>cum</strong></span> 
     </span>
     <span class='ocr_line' id='line_1_15' title="bbox 128 1877 1074 1968; baseline -0.002 -18"><span class='ocrx_word' id='word_1_98' title='bbox 128 1887 165 1950; x_wconf 91' lang='lat' dir='ltr'><strong>in</strong></span> <span class='ocrx_word' id='word_1_99' title='bbox 182 1877 236 1951; x_wconf 87' lang='lat' dir='ltr'><strong>sui</strong></span> <span class='ocrx_word' id='word_1_100' title='bbox 251 1888 404 1954; x_wconf 88' lang='lat' dir='ltr'><strong>savorem</strong></span> <span class='ocrx_word' id='word_1_101' title='bbox 421 1894 627 1966; x_wconf 86' lang='lat' dir='ltr'><strong>attraxerat,</strong></span> <span class='ocrx_word' id='word_1_102' title='bbox 643 1887 869 1968; x_wconf 83' lang='lat' dir='ltr'><strong>congregavit</strong></span> <span class='ocrx_word' id='word_1_103' title='bbox 884 1885 1074 1949; x_wconf 88' lang='lat' dir='ltr'><strong>exercitum</strong></span> 
     </span>
     <span class='ocr_line' id='line_1_16' title="bbox 129 1985 1074 2070; baseline -0.003 -18"><span class='ocrx_word' id='word_1_104' title='bbox 129 1989 317 2070; x_wconf 89' lang='lat' dir='ltr'><strong>copiosum,</strong></span> <span class='ocrx_word' id='word_1_105' title='bbox 342 1995 383 2052; x_wconf 91' lang='lat' dir='ltr'><strong>ut</strong></span> <span class='ocrx_word' id='word_1_106' title='bbox 406 1988 572 2069; x_wconf 91' lang='lat' dir='ltr'><strong>impetum</strong></span> <span class='ocrx_word' id='word_1_107' title='bbox 596 1986 796 2069; x_wconf 87' lang='lat' dir='ltr'><strong>reprimeret</strong></span> <span class='ocrx_word' id='word_1_108' title='bbox 826 1985 1074 2050; x_wconf 89' lang='lat' dir='ltr'><strong>Romanorum.</strong></span> 
     </span>
     <span class='ocr_line' id='line_1_17' title="bbox 130 2082 1075 2181; baseline -0.002 -31"><span class='ocrx_word' id='word_1_109' title='bbox 130 2082 247 2150; x_wconf 89' lang='lat' dir='ltr'><strong>Tunc¹</strong></span> <span class='ocrx_word' id='word_1_110' title='bbox 278 2087 453 2152; x_wconf 88' lang='lat' dir='ltr'><strong>exercitus</strong></span> <span class='ocrx_word' id='word_1_111' title='bbox 481 2086 697 2181; x_wconf 77' lang='lat' dir='ltr'><strong>imperatoris</strong></span> <span class='ocrx_word' id='word_1_112' title='bbox 723 2094 759 2151; x_wconf 89' lang='lat' dir='ltr'><strong>et</strong></span> <span class='ocrx_word' id='word_1_113' title='bbox 780 2086 953 2150; x_wconf 86' lang='lat' dir='ltr'><strong>exercitus</strong></span> <span class='ocrx_word' id='word_1_114' title='bbox 980 2104 1075 2148; x_wconf 90' lang='lat' dir='ltr'><strong>sum·</strong></span> 
     </span>
     <span class='ocr_line' id='line_1_18' title="bbox 130 2185 1075 2268; baseline -0.001 -20"><span class='ocrx_word' id='word_1_115' title='bbox 130 2186 177 2249; x_wconf 93' lang='lat' dir='ltr'><strong>mi</strong></span> <span class='ocrx_word' id='word_1_116' title='bbox 198 2186 373 2268; x_wconf 89' lang='lat' dir='ltr'><strong>pontificis</strong></span> <span class='ocrx_word' id='word_1_117' title='bbox 403 2187 505 2250; x_wconf 89' lang='lat' dir='ltr'><strong>simul</strong></span> <span class='ocrx_word' id='word_1_118' title='bbox 533 2187 776 2251; x_wconf 89' lang='lat' dir='ltr'><strong>convenientes</strong></span> <span class='ocrx_word' id='word_1_119' title='bbox 799 2185 928 2249; x_wconf 87' lang='lat' dir='ltr'><strong>casalia</strong></span> <span class='ocrx_word' id='word_1_120' title='bbox 953 2204 1075 2249; x_wconf 88' lang='lat' dir='ltr'><strong>eorun-</strong></span> 
     </span>
     <span class='ocr_line' id='line_1_19' title="bbox 131 2285 1075 2369; baseline -0.001 -21"><span class='ocrx_word' id='word_1_121' title='bbox 131 2285 206 2348; x_wconf 93' lang='lat' dir='ltr'><strong>dem</strong></span> <span class='ocrx_word' id='word_1_122' title='bbox 221 2285 457 2350; x_wconf 89' lang='lat' dir='ltr'><strong>Romanorum</strong></span> <span class='ocrx_word' id='word_1_123' title='bbox 473 2306 535 2368; x_wconf 90' lang='lat' dir='ltr'><strong>per</strong></span> <span class='ocrx_word' id='word_1_124' title='bbox 547 2306 672 2369; x_wconf 85' lang='lat' dir='ltr'><strong>gyrum</strong></span> <span class='ocrx_word' id='word_1_125' title='bbox 690 2286 785 2349; x_wconf 90' lang='lat' dir='ltr'><strong>urbis</strong></span> <span class='ocrx_word' id='word_1_126' title='bbox 802 2286 917 2368; x_wconf 90' lang='lat' dir='ltr'><strong>posita</strong></span> <span class='ocrx_word' id='word_1_127' title='bbox 933 2304 1075 2348; x_wconf 89' lang='lat' dir='ltr'><strong>numero</strong></span> 
     </span>
     <span class='ocr_line' id='line_1_20' title="bbox 130 2384 1076 2467; baseline -0.001 -19"><span class='ocrx_word' id='word_1_128' title='bbox 130 2384 319 2448; x_wconf 90' lang='lat' dir='ltr'><strong>octodecim</strong></span> <span class='ocrx_word' id='word_1_129' title='bbox 346 2392 611 2467; x_wconf 88' lang='lat' dir='ltr'><strong>prostraverunt</strong></span> <span class='ocrx_word' id='word_1_130' title='bbox 632 2394 668 2451; x_wconf 91' lang='lat' dir='ltr'><strong>et</strong></span> <span class='ocrx_word' id='word_1_131' title='bbox 688 2386 810 2450; x_wconf 88' lang='lat' dir='ltr'><strong>vineas</strong></span> <span class='ocrx_word' id='word_1_132' title='bbox 844 2384 1076 2460; x_wconf 89' lang='lat' dir='ltr'><strong>succiderunt,</strong></span> 
     </span>
     <span class='ocr_line' id='line_1_21' title="bbox 132 2483 1079 2568; baseline 0.002 -23"><span class='ocrx_word' id='word_1_133' title='bbox 132 2483 222 2547; x_wconf 90' lang='lat' dir='ltr'><strong>uude</strong></span> <span class='ocrx_word' id='word_1_134' title='bbox 245 2485 338 2548; x_wconf 91' lang='lat' dir='ltr'><strong>cives</strong></span> <span class='ocrx_word' id='word_1_135' title='bbox 363 2485 430 2568; x_wconf 88' lang='lat' dir='ltr'><strong>ipsi</strong></span> <span class='ocrx_word' id='word_1_136' title='bbox 452 2484 644 2567; x_wconf 88' lang='lat' dir='ltr'><strong>perturbati</strong></span> <span class='ocrx_word' id='word_1_137' title='bbox 666 2485 828 2549; x_wconf 87' lang='lat' dir='ltr'><strong>exierunt</strong></span> <span class='ocrx_word' id='word_1_138' title='bbox 849 2487 892 2548; x_wconf 93' lang='lat' dir='ltr'><strong>ab</strong></span> <span class='ocrx_word' id='word_1_139' title='bbox 915 2485 998 2548; x_wconf 89' lang='lat' dir='ltr'><strong>urbe</strong></span> <span class='ocrx_word' id='word_1_140' title='bbox 1021 2503 1079 2548; x_wconf 92' lang='lat' dir='ltr'><strong>oc-</strong></span> 
     </span>
     <span class='ocr_line' id='line_1_22' title="bbox 132 2583 1079 2663; baseline 0.001 -18"><span class='ocrx_word' id='word_1_141' title='bbox 132 2588 214 2646; x_wconf 89' lang='lat' dir='ltr'><strong>tavo</strong></span> <span class='ocrx_word' id='word_1_142' title='bbox 241 2583 319 2648; x_wconf 89' lang='lat' dir='ltr'><strong>idus</strong></span> <span class='ocrx_word' id='word_1_143' title='bbox 343 2584 519 2663; x_wconf 87' lang='lat' dir='ltr'><strong>Octobris,</strong></span> <span class='ocrx_word' id='word_1_144' title='bbox 549 2585 613 2649; x_wconf 92' lang='lat' dir='ltr'><strong>viri</strong></span> <span class='ocrx_word' id='word_1_145' title='bbox 634 2593 675 2650; x_wconf 89' lang='lat' dir='ltr'><strong>ut</strong></span> <span class='ocrx_word' id='word_1_146' title='bbox 697 2584 824 2649; x_wconf 91' lang='lat' dir='ltr'><strong>dicitur</strong></span> <span class='ocrx_word' id='word_1_147' title='bbox 846 2585 971 2649; x_wconf 89' lang='lat' dir='ltr'><strong>armati</strong></span> <span class='ocrx_word' id='word_1_148' title='bbox 999 2603 1079 2648; x_wconf 90' lang='lat' dir='ltr'><strong>cen-</strong></span> 
     </span>
    </p>
   </div>
   <div class='ocr_carea' id='block_1_3' title="bbox 1085 599 1221 740">
    <p class='ocr_par' dir='ltr' id='par_1_3' title="bbox 1085 599 1221 740">
     <span class='ocr_line' id='line_1_23' title="bbox 1085 599 1208 638; baseline -0.016 0"><span class='ocrx_word' id='word_1_149' title='bbox 1085 599 1140 638; x_wconf 83' lang='lat' dir='ltr'>A.D.</span> <span class='ocrx_word' id='word_1_150' title='bbox 1152 599 1208 637; x_wconf 74' lang='lat'>1234.</span> 
     </span>
     <span class='ocr_line' id='line_1_24' title="bbox 1086 650 1221 689; baseline -0.015 0"><span class='ocrx_word' id='word_1_151' title='bbox 1086 650 1221 689; x_wconf 80' lang='lat' dir='ltr'><strong>Dissensions</strong></span> 
     </span>
     <span class='ocr_line' id='line_1_25' title="bbox 1085 700 1191 740; baseline -0.028 0"><span class='ocrx_word' id='word_1_152' title='bbox 1085 704 1107 740; x_wconf 83' lang='lat' dir='ltr'><strong>at</strong></span> <span class='ocrx_word' id='word_1_153' title='bbox 1116 700 1191 739; x_wconf 84' lang='lat' dir='ltr'><strong>Roma.</strong></span> 
     </span>
    </p>
   </div>
   <div class='ocr_carea' id='block_1_4' title="bbox 132 2684 1110 2768">
    <p class='ocr_par' dir='ltr' id='par_1_4' title="bbox 132 2684 1110 2768">
     <span class='ocr_line' id='line_1_26' title="bbox 132 2684 1110 2768; baseline 0.002 -23"><span class='ocrx_word' id='word_1_154' title='bbox 132 2688 205 2746; x_wconf 91' lang='lat' dir='ltr'><strong>tum</strong></span> <span class='ocrx_word' id='word_1_155' title='bbox 223 2684 343 2760; x_wconf 91' lang='lat' dir='ltr'><strong>millia,</strong></span> <span class='ocrx_word' id='word_1_156' title='bbox 361 2692 401 2749; x_wconf 90' lang='lat' dir='ltr'><strong>ut</strong></span> <span class='ocrx_word' id='word_1_157' title='bbox 417 2684 593 2749; x_wconf 87' lang='lat' dir='ltr'><strong>civitatem</strong></span> <span class='ocrx_word' id='word_1_158' title='bbox 610 2685 772 2762; x_wconf 88' lang='lat' dir='ltr'><strong>Viterbii‚</strong></span> <span class='ocrx_word' id='word_1_159' title='bbox 790 2703 868 2766; x_wconf 90' lang='lat' dir='ltr'><strong>quae</strong></span> <span class='ocrx_word' id='word_1_160' title='bbox 885 2684 929 2748; x_wconf 92' lang='lat' dir='ltr'><strong>ad</strong></span> <span class='ocrx_word' id='word_1_161' title='bbox 944 2684 1003 2768; x_wconf 88' lang='lat' dir='ltr'><strong>jus</strong></span> <span class='ocrx_word' id='word_1_162' title='bbox 1018 2684 1078 2747; x_wconf 92' lang='lat' dir='ltr'><strong>do·</strong></span> <span class='ocrx_word' id='word_1_163' title='bbox 1106 2756 1110 2763; x_wconf 28' lang='lat'>¹</span> 
     </span>
    </p>
   </div>
   <div class='ocr_carea' id='block_1_5' title="bbox 131 2782 1080 3766">
    <p class='ocr_par' dir='ltr' id='par_1_5' title="bbox 131 2782 1080 3766">
     <span class='ocr_line' id='line_1_27' title="bbox 131 2782 1077 2868; baseline 0.001 -22"><span class='ocrx_word' id='word_1_164' title='bbox 131 2782 215 2847; x_wconf 90' lang='lat' dir='ltr'><strong>mini</strong></span> <span class='ocrx_word' id='word_1_165' title='bbox 242 2803 343 2867; x_wconf 89' lang='lat' dir='ltr'><strong>papae</strong></span> <span class='ocrx_word' id='word_1_166' title='bbox 365 2786 557 2868; x_wconf 89' lang='lat' dir='ltr'><strong>spectabat,</strong></span> <span class='ocrx_word' id='word_1_167' title='bbox 579 2784 769 2867; x_wconf 88' lang='lat' dir='ltr'><strong>spoliarent</strong></span> <span class='ocrx_word' id='word_1_168' title='bbox 791 2790 826 2847; x_wconf 91' lang='lat' dir='ltr'><strong>et</strong></span> <span class='ocrx_word' id='word_1_169' title='bbox 847 2785 927 2865; x_wconf 92' lang='lat' dir='ltr'><strong>igne</strong></span> <span class='ocrx_word' id='word_1_170' title='bbox 948 2784 1077 2865; x_wconf 91' lang='lat' dir='ltr'><strong>spolia-</strong></span> 
     </span>
     <span class='ocr_line' id='line_1_28' title="bbox 132 2883 1079 2963; baseline -0.001 -16"><span class='ocrx_word' id='word_1_171' title='bbox 132 2891 203 2947; x_wconf 88' lang='lat' dir='ltr'><strong>tam</strong></span> <span class='ocrx_word' id='word_1_172' title='bbox 233 2891 512 2963; x_wconf 88' lang='lat' dir='ltr'><strong>conoremarent;</strong></span> <span class='ocrx_word' id='word_1_173' title='bbox 545 2885 617 2961; x_wconf 88' lang='lat' dir='ltr'><strong>sed,</strong></span> <span class='ocrx_word' id='word_1_174' title='bbox 644 2903 722 2947; x_wconf 88' lang='lat' dir='ltr'><strong>cum</strong></span> <span class='ocrx_word' id='word_1_175' title='bbox 748 2883 984 2947; x_wconf 90' lang='lat' dir='ltr'><strong>irrationabile</strong></span> <span class='ocrx_word' id='word_1_176' title='bbox 1003 2883 1079 2947; x_wconf 92' lang='lat' dir='ltr'><strong>vul-</strong></span> 
     </span>
     <span class='ocr_line' id='line_1_29' title="bbox 134 2983 1080 3066; baseline 0.001 -20"><span class='ocrx_word' id='word_1_177' title='bbox 134 3001 199 3064; x_wconf 90' lang='lat' dir='ltr'><strong>gus</strong></span> <span class='ocrx_word' id='word_1_178' title='bbox 226 2983 378 3048; x_wconf 87' lang='lat' dir='ltr'><strong>civitatis</strong></span> <span class='ocrx_word' id='word_1_179' title='bbox 407 2985 538 3066; x_wconf 91' lang='lat' dir='ltr'><strong>absque</strong></span> <span class='ocrx_word' id='word_1_180' title='bbox 561 2983 744 3065; x_wconf 90' lang='lat' dir='ltr'><strong>disciplina</strong></span> <span class='ocrx_word' id='word_1_181' title='bbox 773 2983 915 3046; x_wconf 94' lang='lat' dir='ltr'><strong>militari</strong></span> <span class='ocrx_word' id='word_1_182' title='bbox 945 2983 1080 3047; x_wconf 89' lang='lat' dir='ltr'><strong>exirent</strong></span> 
     </span>
     <span class='ocr_line' id='line_1_30' title="bbox 132 3081 1079 3163; baseline 0 -18"><span class='ocrx_word' id='word_1_183' title='bbox 132 3090 167 3146; x_wconf 92' lang='lat' dir='ltr'><strong>et</strong></span> <span class='ocrx_word' id='word_1_184' title='bbox 182 3081 376 3163; x_wconf 85' lang='lat' dir='ltr'><strong>agminibus</strong></span> <span class='ocrx_word' id='word_1_185' title='bbox 390 3083 588 3147; x_wconf 89' lang='lat' dir='ltr'><strong>incederent</strong></span> <span class='ocrx_word' id='word_1_186' title='bbox 598 3082 788 3159; x_wconf 88' lang='lat' dir='ltr'><strong>dissolutis,</strong></span> <span class='ocrx_word' id='word_1_187' title='bbox 804 3082 896 3147; x_wconf 88' lang='lat' dir='ltr'><strong>acies</strong></span> <span class='ocrx_word' id='word_1_188' title='bbox 913 3082 1079 3145; x_wconf 88' lang='lat' dir='ltr'><strong>militares</strong></span> 
     </span>
     <span class='ocr_line' id='line_1_31' title="bbox 131 3180 1078 3267; baseline -0.001 -23"><span class='ocrx_word' id='word_1_189' title='bbox 131 3180 240 3262; x_wconf 89' lang='lat' dir='ltr'><strong>ipsius</strong></span> <span class='ocrx_word' id='word_1_190' title='bbox 271 3202 371 3267; x_wconf 88' lang='lat' dir='ltr'><strong>papae</strong></span> <span class='ocrx_word' id='word_1_191' title='bbox 397 3190 433 3247; x_wconf 91' lang='lat' dir='ltr'><strong>et</strong></span> <span class='ocrx_word' id='word_1_192' title='bbox 455 3182 674 3265; x_wconf 89' lang='lat' dir='ltr'><strong>imperatoris</strong></span> <span class='ocrx_word' id='word_1_193' title='bbox 703 3183 747 3246; x_wconf 94' lang='lat' dir='ltr'><strong>ab</strong></span> <span class='ocrx_word' id='word_1_194' title='bbox 768 3182 900 3245; x_wconf 90' lang='lat' dir='ltr'><strong>insidiis</strong></span> <span class='ocrx_word' id='word_1_195' title='bbox 921 3201 1078 3263; x_wconf 90' lang='lat' dir='ltr'><strong>prorum-</strong></span> 
     </span>
     <span class='ocr_line' id='line_1_32' title="bbox 133 3283 1078 3364; baseline -0.001 -20"><span class='ocrx_word' id='word_1_196' title='bbox 133 3288 254 3364; x_wconf 88' lang='lat' dir='ltr'><strong>pentes</strong></span> <span class='ocrx_word' id='word_1_197' title='bbox 276 3283 413 3346; x_wconf 91' lang='lat' dir='ltr'><strong>irruunt</strong></span> <span class='ocrx_word' id='word_1_198' title='bbox 437 3283 474 3346; x_wconf 87' lang='lat' dir='ltr'><strong>in</strong></span> <span class='ocrx_word' id='word_1_199' title='bbox 499 3283 678 3346; x_wconf 90' lang='lat' dir='ltr'><strong>Romanos</strong></span> <span class='ocrx_word' id='word_1_200' title='bbox 704 3289 740 3346; x_wconf 92' lang='lat' dir='ltr'><strong>et</strong></span> <span class='ocrx_word' id='word_1_201' title='bbox 765 3302 810 3346; x_wconf 84' lang='lat' dir='ltr'><strong>ex</strong></span> <span class='ocrx_word' id='word_1_202' title='bbox 838 3283 887 3345; x_wconf 90' lang='lat' dir='ltr'><strong>eis</strong></span> <span class='ocrx_word' id='word_1_203' title='bbox 916 3300 1078 3363; x_wconf 88' lang='lat' dir='ltr'><strong>magnam</strong></span> 
     </span>
     <span class='ocr_line' id='line_1_33' title="bbox 133 3380 1078 3464; baseline 0.001 -21"><span class='ocrx_word' id='word_1_204' title='bbox 133 3388 297 3464; x_wconf 89' lang='lat' dir='ltr'><strong>stragem,</strong></span> <span class='ocrx_word' id='word_1_205' title='bbox 320 3391 527 3447; x_wconf 86' lang='lat' dir='ltr'><strong>nontamen</strong></span> <span class='ocrx_word' id='word_1_206' title='bbox 552 3383 626 3447; x_wconf 90' lang='lat' dir='ltr'><strong>siue</strong></span> <span class='ocrx_word' id='word_1_207' title='bbox 650 3402 790 3447; x_wconf 90' lang='lat' dir='ltr'><strong>suorum</strong></span> <span class='ocrx_word' id='word_1_208' title='bbox 810 3380 962 3458; x_wconf 89' lang='lat' dir='ltr'><strong>laesione,</strong></span> <span class='ocrx_word' id='word_1_209' title='bbox 988 3381 1078 3445; x_wconf 88' lang='lat' dir='ltr'><strong>fece-</strong></span> 
     </span>
     <span class='ocr_line' id='line_1_34' title="bbox 132 3481 1079 3562; baseline 0.001 -19"><span class='ocrx_word' id='word_1_210' title='bbox 132 3488 225 3547; x_wconf 92' lang='lat' dir='ltr'><strong>runt.</strong></span> <span class='ocrx_word' id='word_1_211' title='bbox 279 3482 486 3547; x_wconf 87' lang='lat' dir='ltr'><strong>Ceciderunt</strong></span> <span class='ocrx_word' id='word_1_212' title='bbox 512 3489 628 3548; x_wconf 92' lang='lat' dir='ltr'><strong>autem</strong></span> <span class='ocrx_word' id='word_1_213' title='bbox 655 3482 735 3545; x_wconf 92' lang='lat' dir='ltr'><strong>hinc</strong></span> <span class='ocrx_word' id='word_1_214' title='bbox 760 3481 839 3545; x_wconf 92' lang='lat' dir='ltr'><strong>inde</strong></span> <span class='ocrx_word' id='word_1_215' title='bbox 863 3481 907 3544; x_wconf 89' lang='lat' dir='ltr'><strong>ad</strong></span> <span class='ocrx_word' id='word_1_216' title='bbox 935 3481 1079 3562; x_wconf 90' lang='lat' dir='ltr'><strong>triginta</strong></span> 
     </span>
     <span class='ocr_line' id='line_1_35' title="bbox 132 3580 1078 3663; baseline 0.001 -20"><span class='ocrx_word' id='word_1_217' title='bbox 132 3582 242 3646; x_wconf 92' lang='lat' dir='ltr'><strong>millia</strong></span> <span class='ocrx_word' id='word_1_218' title='bbox 264 3591 498 3663; x_wconf 85' lang='lat' dir='ltr'><strong>armatorum3</strong></span> <span class='ocrx_word' id='word_1_219' title='bbox 528 3584 588 3648; x_wconf 88' lang='lat' dir='ltr'><strong>sed</strong></span> <span class='ocrx_word' id='word_1_220' title='bbox 608 3582 759 3647; x_wconf 88' lang='lat' dir='ltr'><strong>Romani</strong></span> <span class='ocrx_word' id='word_1_221' title='bbox 776 3589 891 3646; x_wconf 89' lang='lat' dir='ltr'><strong>tamen</strong></span> <span class='ocrx_word' id='word_1_222' title='bbox 913 3580 1078 3663; x_wconf 90' lang='lat' dir='ltr'><strong>majorem</strong></span> 
     </span>
     <span class='ocr_line' id='line_1_36' title="bbox 132 3680 1080 3766; baseline -0.001 -22"><span class='ocrx_word' id='word_1_223' title='bbox 132 3683 286 3764; x_wconf 90' lang='lat' dir='ltr'><strong>perpessi</strong></span> <span class='ocrx_word' id='word_1_224' title='bbox 315 3690 397 3747; x_wconf 91' lang='lat' dir='ltr'><strong>sunt</strong></span> <span class='ocrx_word' id='word_1_225' title='bbox 418 3692 582 3766; x_wconf 89' lang='lat' dir='ltr'><strong>stragem,</strong></span> <span class='ocrx_word' id='word_1_226' title='bbox 615 3682 736 3766; x_wconf 91' lang='lat' dir='ltr'><strong>utqui</strong></span> <span class='ocrx_word' id='word_1_227' title='bbox 760 3680 953 3763; x_wconf 89' lang='lat' dir='ltr'><strong>agminibus</strong></span> <span class='ocrx_word' id='word_1_228' title='bbox 981 3680 1080 3744; x_wconf 90' lang='lat' dir='ltr'><strong>dissi-</strong></span> 
     </span>
    </p>
   </div>
   <div class='ocr_carea' id='block_1_6' title="bbox 131 3881 1082 4351">
    <p class='ocr_par' dir='ltr' id='par_1_6' title="bbox 131 3881 1082 4351">
     <span class='ocr_line' id='line_1_37' title="bbox 167 3881 1080 3949; baseline -0.001 -16"><span class='ocrx_word' id='word_1_229' title='bbox 167 3881 254 3933; x_wconf 83' lang='lat' dir='ltr'><strong>¹Tanc</strong></span> <span class='ocrx_word' id='word_1_230' title='bbox 272 3885 395 3934; x_wconf 79' lang='lat' dir='ltr'><strong>exercitus</strong></span> <span class='ocrx_word' id='word_1_231' title='bbox 414 3884 593 3949; x_wconf 74' lang='lat' dir='ltr'><strong>imperatoria]</strong></span> <span class='ocrx_word' id='word_1_232' title='bbox 618 3885 671 3934; x_wconf 92' lang='lat' dir='ltr'><strong>lide</strong></span> <span class='ocrx_word' id='word_1_233' title='bbox 687 3886 787 3934; x_wconf 91' lang='lat' dir='ltr'><strong>vocavit</strong></span> <span class='ocrx_word' id='word_1_234' title='bbox 803 3884 836 3934; x_wconf 87' lang='lat' dir='ltr'><strong>ad</strong></span> <span class='ocrx_word' id='word_1_235' title='bbox 852 3885 990 3934; x_wconf 86' lang='lat' dir='ltr'><strong>exercitum</strong></span> <span class='ocrx_word' id='word_1_236' title='bbox 1005 3899 1080 3933; x_wconf 81' lang='lat' dir='ltr'><strong>auum</strong></span> 
     </span>
     <span class='ocr_line' id='line_1_38' title="bbox 133 3953 1081 4017; baseline 0 -15"><span class='ocrx_word' id='word_1_237' title='bbox 133 3953 209 4002; x_wconf 86' lang='lat' dir='ltr'><strong>Paris</strong></span> <span class='ocrx_word' id='word_1_238' title='bbox 224 3953 283 4003; x_wconf 87' lang='lat' dir='ltr'><strong>here</strong></span> <span class='ocrx_word' id='word_1_239' title='bbox 300 3955 384 4016; x_wconf 83' lang='lat' dir='ltr'><strong>reads,</strong></span> <span class='ocrx_word' id='word_1_240' title='bbox 396 3956 483 4005; x_wconf 81' lang='lat' dir='ltr'><strong>‘Tunc</strong></span> <span class='ocrx_word' id='word_1_241' title='bbox 500 3956 595 4006; x_wconf 86' lang='lat' dir='ltr'><strong>exerei-</strong></span> <span class='ocrx_word' id='word_1_242' title='bbox 619 3956 765 4017; x_wconf 86' lang='lat' dir='ltr'><strong>regendum,</strong></span> <span class='ocrx_word' id='word_1_243' title='bbox 780 3961 835 4004; x_wconf 93' lang='lat' dir='ltr'><strong>tum</strong></span> <span class='ocrx_word' id='word_1_244' title='bbox 850 3959 953 4016; x_wconf 88' lang='lat' dir='ltr'><strong>propter</strong></span> <span class='ocrx_word' id='word_1_245' title='bbox 968 3955 1081 4004; x_wconf 82' lang='lat' dir='ltr'><strong>thesauri</strong></span> 
     </span>
     <span class='ocr_line' id='line_1_39' title="bbox 131 4025 1082 4088; baseline 0 -16"><span class='ocrx_word' id='word_1_246' title='bbox 131 4028 174 4072; x_wconf 86' lang='lat' dir='ltr'><strong>tus</strong></span> <span class='ocrx_word' id='word_1_247' title='bbox 197 4025 288 4072; x_wconf 87' lang='lat' dir='ltr'><strong>summi</strong></span> <span class='ocrx_word' id='word_1_248' title='bbox 311 4025 445 4088; x_wconf 81' lang='lat' dir='ltr'><strong>pontificia,</strong></span> <span class='ocrx_word' id='word_1_249' title='bbox 468 4027 511 4074; x_wconf 90' lang='lat' dir='ltr'><strong>cui</strong></span> <span class='ocrx_word' id='word_1_250' title='bbox 530 4041 595 4086; x_wconf 86' lang='lat' dir='ltr'><strong>prae·</strong></span> <span class='ocrx_word' id='word_1_251' title='bbox 620 4026 810 4087; x_wconf 84' lang='lat' dir='ltr'><strong>abundantiam,</strong></span> <span class='ocrx_word' id='word_1_252' title='bbox 825 4028 879 4073; x_wconf 90' lang='lat' dir='ltr'><strong>tum</strong></span> <span class='ocrx_word' id='word_1_253' title='bbox 896 4030 998 4085; x_wconf 88' lang='lat' dir='ltr'><strong>propter</strong></span> <span class='ocrx_word' id='word_1_254' title='bbox 1016 4025 1082 4073; x_wconf 88' lang='lat' dir='ltr'><strong>mili·</strong></span> 
     </span>
     <span class='ocr_line' id='line_1_40' title="bbox 131 4094 1081 4158; baseline 0.002 -16"><span class='ocrx_word' id='word_1_255' title='bbox 131 4099 280 4143; x_wconf 86' lang='lat' dir='ltr'><strong>eratcomes</strong></span> <span class='ocrx_word' id='word_1_256' title='bbox 295 4094 463 4157; x_wconf 81' lang='lat' dir='ltr'><strong>Tholosanus,</strong></span> <span class='ocrx_word' id='word_1_257' title='bbox 480 4110 597 4156; x_wconf 83' lang='lat' dir='ltr'><strong>quaerene</strong></span> <span class='ocrx_word' id='word_1_258' title='bbox 619 4095 691 4144; x_wconf 86' lang='lat' dir='ltr'><strong>tandi</strong></span> <span class='ocrx_word' id='word_1_259' title='bbox 711 4098 827 4158; x_wconf 89' lang='lat' dir='ltr'><strong>peritiam</strong></span> <span class='ocrx_word' id='word_1_260' title='bbox 832 4094 852 4156; x_wconf 85' lang='lat'><strong>;&#39;</strong></span> <span class='ocrx_word' id='word_1_261' title='bbox 877 4109 919 4143; x_wconf 86' lang='lat' dir='ltr'><strong>see</strong></span> <span class='ocrx_word' id='word_1_262' title='bbox 941 4096 1033 4158; x_wconf 85' lang='lat' dir='ltr'><strong>below,</strong></span> <span class='ocrx_word' id='word_1_263' title='bbox 1054 4109 1081 4156; x_wconf 82' lang='lat' dir='ltr'><strong>p.</strong></span> 
     </span>
     <span class='ocr_line' id='line_1_41' title="bbox 132 4164 680 4226; baseline 0.005 -14"><span class='ocrx_word' id='word_1_264' title='bbox 132 4165 250 4226; x_wconf 78' lang='lat' dir='ltr'><strong>gratiam,</strong></span> <span class='ocrx_word' id='word_1_265' title='bbox 272 4168 298 4212; x_wconf 89' lang='lat' dir='ltr'><strong>et</strong></span> <span class='ocrx_word' id='word_1_266' title='bbox 319 4165 453 4225; x_wconf 82' lang='lat' dir='ltr'><strong>episcopua</strong></span> <span class='ocrx_word' id='word_1_267' title='bbox 474 4164 597 4213; x_wconf 88' lang='lat' dir='ltr'><strong>Wintoni·</strong></span> <span class='ocrx_word' id='word_1_268' title='bbox 622 4169 680 4216; x_wconf 75' lang='lat'><strong>32⁷.</strong></span> 
     </span>
     <span class='ocr_line' id='line_1_42' title="bbox 133 4234 598 4298; baseline 0.009 -17"><span class='ocrx_word' id='word_1_269' title='bbox 133 4235 212 4298; x_wconf 84' lang='lat' dir='ltr'><strong>ensis,</strong></span> <span class='ocrx_word' id='word_1_270' title='bbox 231 4248 306 4295; x_wconf 89' lang='lat' dir='ltr'><strong>quem</strong></span> <span class='ocrx_word' id='word_1_271' title='bbox 326 4234 443 4284; x_wconf 83' lang='lat' dir='ltr'><strong>dominus</strong></span> <span class='ocrx_word' id='word_1_272' title='bbox 462 4249 531 4297; x_wconf 83' lang='lat' dir='ltr'><strong>papa</strong></span> <span class='ocrx_word' id='word_1_273' title='bbox 546 4236 598 4284; x_wconf 88' lang='lat' dir='ltr'><strong>cal·</strong></span> 
     </span>
     <span class='ocr_line' id='line_1_43' title="bbox 929 4307 977 4351; baseline 0 0"><span class='ocrx_word' id='word_1_274' title='bbox 929 4307 977 4351; x_wconf 81' lang='lat' dir='ltr'><strong>r2</strong></span> 
     </span>
    </p>
   </div>
   <div class='ocr_carea' id='block_1_7' title="bbox 0 0 1446 4866">
    <p class='ocr_par' dir='ltr' id='par_1_7' title="bbox 0 0 1446 4866">
     <span class='ocr_line' id='line_1_44' title="bbox 0 0 1446 4866; baseline 0 0"><span class='ocrx_word' id='word_1_275' title='bbox 0 0 1446 4866; x_wconf 95' lang='lat' dir='ltr'><strong> </strong></span> 
     </span>
    </p>
   </div>
  </div>
 </body>
</html>
