<?xml version="1.0" encoding="UTF-8"?>
<!DOCTYPE html PUBLIC "-//W3C//DTD XHTML 1.0 Transitional//EN"
    "http://www.w3.org/TR/xhtml1/DTD/xhtml1-transitional.dtd">
<html xmlns="http://www.w3.org/1999/xhtml" xml:lang="en" lang="en">
 <head>
  <title>
</title>
<meta http-equiv="Content-Type" content="text/html;charset=utf-8" />
  <meta name='ocr-system' content='tesseract 3.04.00' />
  <meta name='ocr-capabilities' content='ocr_page ocr_carea ocr_par ocr_line ocrx_word'/>
</head>
<body>
  <div class='ocr_page' id='page_1' title='image "./rogeridewendove03rogegoog_0341.png"; bbox 0 0 2864 4866; ppageno 0'>
   <div class='ocr_carea' id='block_1_1' title="bbox 382 388 1064 452">
    <p class='ocr_par' dir='ltr' id='par_1_1' title="bbox 382 388 1064 452">
     <span class='ocr_line' id='line_1_1' title="bbox 382 388 1064 452; baseline -0.003 0"><span class='ocrx_word' id='word_1_1' title='bbox 382 388 447 452; x_wconf 83' lang='lat'><strong>330</strong></span> <span class='ocrx_word' id='word_1_2' title='bbox 507 406 509 412; x_wconf 93' lang='lat'>·</span> <span class='ocrx_word' id='word_1_3' title='bbox 625 403 761 452; x_wconf 79' lang='lat' dir='ltr'><strong>noorai</strong></span> <span class='ocrx_word' id='word_1_4' title='bbox 785 403 832 450; x_wconf 85' lang='lat' dir='ltr'><strong>on</strong></span> <span class='ocrx_word' id='word_1_5' title='bbox 855 401 1064 451; x_wconf 84' lang='lat' dir='ltr'><strong>wnunovnn</strong></span> 
     </span>
    </p>
   </div>
   <div class='ocr_carea' id='block_1_2' title="bbox 224 557 1336 4133">
    <p class='ocr_par' dir='ltr' id='par_1_2' title="bbox 224 557 1336 4133">
     <span class='ocr_line' id='line_1_2' title="bbox 224 557 1334 645; baseline 0.009 -29"><span class='ocrx_word' id='word_1_6' title='bbox 224 578 280 617; x_wconf 76' lang='lat' dir='ltr'><strong>ro.</strong></span> <span class='ocrx_word' id='word_1_7' title='bbox 291 579 347 645; x_wconf 65' lang='lat' dir='ltr'><strong>aas.</strong></span> <span class='ocrx_word' id='word_1_8' title='bbox 384 567 474 636; x_wconf 89' lang='lat' dir='ltr'><strong>sent,</strong></span> <span class='ocrx_word' id='word_1_9' title='bbox 489 558 557 622; x_wconf 90' lang='lat' dir='ltr'><strong>nisi</strong></span> <span class='ocrx_word' id='word_1_10' title='bbox 570 559 775 623; x_wconf 87' lang='lat' dir='ltr'><strong>occurrisset</strong></span> <span class='ocrx_word' id='word_1_11' title='bbox 789 559 839 622; x_wconf 87' lang='lat' dir='ltr'><strong>eis</strong></span> <span class='ocrx_word' id='word_1_12' title='bbox 852 557 928 623; x_wconf 87' lang='lat' dir='ltr'><strong>baec</strong></span> <span class='ocrx_word' id='word_1_13' title='bbox 944 559 1083 638; x_wconf 85' lang='lat' dir='ltr'><strong>tabula3</strong></span> <span class='ocrx_word' id='word_1_14' title='bbox 1106 559 1172 623; x_wconf 90' lang='lat' dir='ltr'><strong>nisi</strong></span> <span class='ocrx_word' id='word_1_15' title='bbox 1190 581 1253 643; x_wconf 86' lang='lat' dir='ltr'><strong>per</strong></span> <span class='ocrx_word' id='word_1_16' title='bbox 1266 561 1334 626; x_wconf 90' lang='lat' dir='ltr'><strong>boc</strong></span> 
     </span>
     <span class='ocr_line' id='line_1_3' title="bbox 224 628 1333 741; baseline 0.006 -24"><span class='ocrx_word' id='word_1_17' title='bbox 224 628 369 717; x_wconf 60' lang='lat' dir='ltr'><strong>illidit</strong></span> <span class='ocrx_word' id='word_1_18' title='bbox 385 659 637 741; x_wconf 83' lang='lat' dir='ltr'>compendium,</span> <span class='ocrx_word' id='word_1_19' title='bbox 664 658 736 722; x_wconf 88' lang='lat' dir='ltr'><strong>suis</strong></span> <span class='ocrx_word' id='word_1_20' title='bbox 756 657 879 740; x_wconf 91' lang='lat' dir='ltr'><strong>positis</strong></span> <span class='ocrx_word' id='word_1_21' title='bbox 894 679 957 741; x_wconf 94' lang='lat' dir='ltr'><strong>pro</strong></span> <span class='ocrx_word' id='word_1_22' title='bbox 975 657 1112 723; x_wconf 89' lang='lat' dir='ltr'><strong>Christo</strong></span> <span class='ocrx_word' id='word_1_23' title='bbox 1136 661 1333 739; x_wconf 82' lang='lat' dir='ltr'><strong>animabus,</strong></span> 
     </span>
     <span class='ocr_line' id='line_1_4' title="bbox 226 729 1335 844; baseline 0.001 -20"><span class='ocrx_word' id='word_1_24' title='bbox 226 729 323 768; x_wconf 56' lang='lat' dir='ltr'><strong>‘&#39;md“</strong></span> <span class='ocrx_word' id='word_1_25' title='bbox 386 760 614 824; x_wconf 88' lang='lat' dir='ltr'><strong>consummati</strong></span> <span class='ocrx_word' id='word_1_26' title='bbox 635 759 804 823; x_wconf 85' lang='lat' dir='ltr'><strong>brevitate</strong></span> <span class='ocrx_word' id='word_1_27' title='bbox 825 759 1010 822; x_wconf 90' lang='lat' dir='ltr'><strong>multorum</strong></span> <span class='ocrx_word' id='word_1_28' title='bbox 1030 765 1223 840; x_wconf 88' lang='lat' dir='ltr'><strong>temporum</strong></span> <span class='ocrx_word' id='word_1_29' title='bbox 1250 781 1335 844; x_wconf 88' lang='lat' dir='ltr'><strong>spa·</strong></span> 
     </span>
     <span class='ocr_line' id='line_1_5' title="bbox 386 857 1334 941; baseline 0.001 -18"><span class='ocrx_word' id='word_1_30' title='bbox 386 861 436 923; x_wconf 87' lang='lat' dir='ltr'><strong>tia</strong></span> <span class='ocrx_word' id='word_1_31' title='bbox 457 858 733 941; x_wconf 83' lang='lat' dir='ltr'><strong>complevissent.</strong></span> <span class='ocrx_word' id='word_1_32' title='bbox 786 857 891 922; x_wconf 89' lang='lat' dir='ltr'><strong>Multi</strong></span> <span class='ocrx_word' id='word_1_33' title='bbox 913 858 1016 934; x_wconf 88' lang='lat' dir='ltr'><strong>enim,</strong></span> <span class='ocrx_word' id='word_1_34' title='bbox 1041 858 1196 922; x_wconf 88' lang='lat' dir='ltr'><strong>invenire</strong></span> <span class='ocrx_word' id='word_1_35' title='bbox 1219 860 1334 924; x_wconf 90' lang='lat' dir='ltr'><strong>locum</strong></span> 
     </span>
     <span class='ocr_line' id='line_1_6' title="bbox 386 957 1333 1041; baseline 0.002 -19"><span class='ocrx_word' id='word_1_36' title='bbox 386 959 445 1022; x_wconf 94' lang='lat' dir='ltr'><strong>ubi</strong></span> <span class='ocrx_word' id='word_1_37' title='bbox 464 965 635 1022; x_wconf 90' lang='lat' dir='ltr'><strong>steterunt</strong></span> <span class='ocrx_word' id='word_1_38' title='bbox 657 958 762 1041; x_wconf 85' lang='lat' dir='ltr'><strong>pedes</strong></span> <span class='ocrx_word' id='word_1_39' title='bbox 788 957 929 1022; x_wconf 89' lang='lat' dir='ltr'><strong>Domini</strong></span> <span class='ocrx_word' id='word_1_40' title='bbox 954 957 1144 1040; x_wconf 89' lang='lat' dir='ltr'><strong>cupientes,</strong></span> <span class='ocrx_word' id='word_1_41' title='bbox 1165 960 1263 1040; x_wconf 89' lang='lat' dir='ltr'><strong>prius</strong></span> <span class='ocrx_word' id='word_1_42' title='bbox 1288 960 1333 1024; x_wconf 87' lang='lat' dir='ltr'><strong>ad</strong></span> 
     </span>
     <span class='ocr_line' id='line_1_7' title="bbox 385 1057 1334 1139; baseline 0.002 -18"><span class='ocrx_word' id='word_1_43' title='bbox 385 1058 544 1122; x_wconf 86' lang='lat' dir='ltr'><strong>bravium</strong></span> <span class='ocrx_word' id='word_1_44' title='bbox 568 1058 643 1121; x_wconf 88' lang='lat' dir='ltr'><strong>sine</strong></span> <span class='ocrx_word' id='word_1_45' title='bbox 671 1076 786 1133; x_wconf 88' lang='lat' dir='ltr'><strong>cursu,</strong></span> <span class='ocrx_word' id='word_1_46' title='bbox 811 1065 847 1121; x_wconf 90' lang='lat' dir='ltr'><strong>et</strong></span> <span class='ocrx_word' id='word_1_47' title='bbox 868 1057 980 1139; x_wconf 88' lang='lat' dir='ltr'><strong>primo</strong></span> <span class='ocrx_word' id='word_1_48' title='bbox 1002 1057 1047 1120; x_wconf 88' lang='lat' dir='ltr'><strong>ad</strong></span> <span class='ocrx_word' id='word_1_49' title='bbox 1073 1076 1235 1121; x_wconf 86' lang='lat' dir='ltr'><strong>coronam</strong></span> <span class='ocrx_word' id='word_1_50' title='bbox 1257 1059 1334 1123; x_wconf 89' lang='lat' dir='ltr'><strong>sine</strong></span> 
     </span>
     <span class='ocr_line' id='line_1_8' title="bbox 386 1156 1333 1240; baseline 0.001 -19"><span class='ocrx_word' id='word_1_51' title='bbox 386 1157 502 1239; x_wconf 84' lang='lat' dir='ltr'><strong>gladio</strong></span> <span class='ocrx_word' id='word_1_52' title='bbox 517 1165 769 1240; x_wconf 83' lang='lat' dir='ltr'><strong>pervenerunt3</strong></span> <span class='ocrx_word' id='word_1_53' title='bbox 794 1156 862 1220; x_wconf 93' lang='lat' dir='ltr'><strong>Illo</strong></span> <span class='ocrx_word' id='word_1_54' title='bbox 883 1176 983 1220; x_wconf 90' lang='lat' dir='ltr'><strong>sunm</strong></span> <span class='ocrx_word' id='word_1_55' title='bbox 1005 1164 1247 1222; x_wconf 82' lang='lat' dir='ltr'><strong>remunerante</strong></span> <span class='ocrx_word' id='word_1_56' title='bbox 1270 1160 1333 1222; x_wconf 92' lang='lat' dir='ltr'><strong>mi·</strong></span> 
     </span>
     <span class='ocr_line' id='line_1_9' title="bbox 385 1256 1329 1339; baseline 0.001 -18"><span class='ocrx_word' id='word_1_57' title='bbox 385 1258 493 1334; x_wconf 89' lang='lat' dir='ltr'><strong>litem,</strong></span> <span class='ocrx_word' id='word_1_58' title='bbox 516 1257 576 1339; x_wconf 94' lang='lat' dir='ltr'><strong>qui</strong></span> <span class='ocrx_word' id='word_1_59' title='bbox 600 1257 767 1320; x_wconf 84' lang='lat' dir='ltr'><strong>selamin</strong></span> <span class='ocrx_word' id='word_1_60' title='bbox 790 1257 964 1320; x_wconf 88' lang='lat' dir='ltr'><strong>oblatione</strong></span> <span class='ocrx_word' id='word_1_61' title='bbox 986 1256 1182 1320; x_wconf 84' lang='lat' dir='ltr'><strong>considerat</strong></span> <span class='ocrx_word' id='word_1_62' title='bbox 1204 1257 1329 1322; x_wconf 89' lang='lat' dir='ltr'><strong>volun·</strong></span> 
     </span>
     <span class='ocr_line' id='line_1_10' title="bbox 386 1355 1333 1438; baseline 0.001 -17"><span class='ocrx_word' id='word_1_63' title='bbox 386 1365 504 1421; x_wconf 89' lang='lat' dir='ltr'><strong>tatem.</strong></span> <span class='ocrx_word' id='word_1_64' title='bbox 558 1355 635 1421; x_wconf 92' lang='lat' dir='ltr'><strong>Nos</strong></span> <span class='ocrx_word' id='word_1_65' title='bbox 661 1361 789 1432; x_wconf 92' lang='lat' dir='ltr'><strong>autem,</strong></span> <span class='ocrx_word' id='word_1_66' title='bbox 806 1355 850 1419; x_wconf 90' lang='lat' dir='ltr'><strong>de</strong></span> <span class='ocrx_word' id='word_1_67' title='bbox 872 1357 1117 1438; x_wconf 91' lang='lat' dir='ltr'><strong>omnipotentis</strong></span> <span class='ocrx_word' id='word_1_68' title='bbox 1140 1356 1208 1420; x_wconf 87' lang='lat' dir='ltr'><strong>Dei</strong></span> <span class='ocrx_word' id='word_1_69' title='bbox 1230 1359 1333 1422; x_wconf 90' lang='lat' dir='ltr'><strong>mise·</strong></span> 
     </span>
     <span class='ocr_line' id='line_1_11' title="bbox 386 1455 1332 1538; baseline 0.002 -19"><span class='ocrx_word' id='word_1_70' title='bbox 386 1457 533 1532; x_wconf 79' lang='lat' dir='ltr'><strong>ricordia</strong></span> <span class='ocrx_word' id='word_1_71' title='bbox 556 1463 591 1520; x_wconf 92' lang='lat' dir='ltr'><strong>et</strong></span> <span class='ocrx_word' id='word_1_72' title='bbox 605 1457 785 1519; x_wconf 89' lang='lat' dir='ltr'><strong>beatorum</strong></span> <span class='ocrx_word' id='word_1_73' title='bbox 805 1455 901 1519; x_wconf 91' lang='lat' dir='ltr'><strong>Petri</strong></span> <span class='ocrx_word' id='word_1_74' title='bbox 916 1463 951 1520; x_wconf 89' lang='lat' dir='ltr'><strong>et</strong></span> <span class='ocrx_word' id='word_1_75' title='bbox 969 1455 1073 1519; x_wconf 88' lang='lat' dir='ltr'><strong>Pauli</strong></span> <span class='ocrx_word' id='word_1_76' title='bbox 1095 1456 1332 1538; x_wconf 88' lang='lat' dir='ltr'><strong>apostolorum</strong></span> 
     </span>
     <span class='ocr_line' id='line_1_12' title="bbox 387 1555 1332 1638; baseline 0.001 -19"><span class='ocrx_word' id='word_1_77' title='bbox 387 1555 463 1638; x_wconf 87' lang='lat' dir='ltr'><strong>ejus</strong></span> <span class='ocrx_word' id='word_1_78' title='bbox 499 1555 706 1619; x_wconf 88' lang='lat' dir='ltr'><strong>auctoritate</strong></span> <span class='ocrx_word' id='word_1_79' title='bbox 741 1556 874 1631; x_wconf 88' lang='lat' dir='ltr'><strong>confisi,</strong></span> <span class='ocrx_word' id='word_1_80' title='bbox 907 1575 954 1619; x_wconf 87' lang='lat' dir='ltr'><strong>ex</strong></span> <span class='ocrx_word' id='word_1_81' title='bbox 989 1555 1050 1620; x_wconf 87' lang='lat' dir='ltr'><strong>illa</strong></span> <span class='ocrx_word' id='word_1_82' title='bbox 1083 1575 1187 1638; x_wconf 90' lang='lat' dir='ltr'><strong>quam</strong></span> <span class='ocrx_word' id='word_1_83' title='bbox 1220 1557 1332 1635; x_wconf 90' lang='lat' dir='ltr'><strong>nobis,</strong></span> 
     </span>
     <span class='ocr_line' id='line_1_13' title="bbox 387 1655 1332 1738; baseline 0.001 -19"><span class='ocrx_word' id='word_1_84' title='bbox 387 1657 468 1720; x_wconf 90' lang='lat' dir='ltr'><strong>licet</strong></span> <span class='ocrx_word' id='word_1_85' title='bbox 484 1655 648 1736; x_wconf 87' lang='lat' dir='ltr'><strong>indignis,</strong></span> <span class='ocrx_word' id='word_1_86' title='bbox 664 1655 762 1718; x_wconf 89' lang='lat' dir='ltr'><strong>Deus</strong></span> <span class='ocrx_word' id='word_1_87' title='bbox 786 1655 917 1736; x_wconf 86' lang='lat' dir='ltr'><strong>ligandi</strong></span> <span class='ocrx_word' id='word_1_88' title='bbox 944 1661 1050 1738; x_wconf 89' lang='lat' dir='ltr'><strong>atque</strong></span> <span class='ocrx_word' id='word_1_89' title='bbox 1072 1655 1229 1735; x_wconf 89' lang='lat' dir='ltr'><strong>solvendi</strong></span> <span class='ocrx_word' id='word_1_90' title='bbox 1251 1675 1332 1720; x_wconf 85' lang='lat' dir='ltr'><strong>con·</strong></span> 
     </span>
     <span class='ocr_line' id='line_1_14' title="bbox 387 1755 1331 1838; baseline 0.002 -20"><span class='ocrx_word' id='word_1_91' title='bbox 387 1756 467 1820; x_wconf 90' lang='lat' dir='ltr'><strong>tulit</strong></span> <span class='ocrx_word' id='word_1_92' title='bbox 483 1762 703 1837; x_wconf 88' lang='lat' dir='ltr'><strong>potestatem,</strong></span> <span class='ocrx_word' id='word_1_93' title='bbox 726 1755 896 1832; x_wconf 90' lang='lat' dir='ltr'><strong>omnibus,</strong></span> <span class='ocrx_word' id='word_1_94' title='bbox 912 1755 971 1838; x_wconf 93' lang='lat' dir='ltr'><strong>qui</strong></span> <span class='ocrx_word' id='word_1_95' title='bbox 993 1755 1145 1818; x_wconf 90' lang='lat' dir='ltr'><strong>laborem</strong></span> <span class='ocrx_word' id='word_1_96' title='bbox 1166 1755 1273 1819; x_wconf 91' lang='lat' dir='ltr'><strong>istum</strong></span> <span class='ocrx_word' id='word_1_97' title='bbox 1296 1757 1331 1820; x_wconf 91' lang='lat' dir='ltr'><strong>in</strong></span> 
     </span>
     <span class='ocr_line' id='line_1_15' title="bbox 386 1855 1332 1940; baseline 0 -21"><span class='ocrx_word' id='word_1_98' title='bbox 386 1856 534 1940; x_wconf 90' lang='lat' dir='ltr'><strong>propriis</strong></span> <span class='ocrx_word' id='word_1_99' title='bbox 556 1855 712 1937; x_wconf 87' lang='lat' dir='ltr'><strong>personis</strong></span> <span class='ocrx_word' id='word_1_100' title='bbox 732 1862 768 1919; x_wconf 90' lang='lat' dir='ltr'><strong>et</strong></span> <span class='ocrx_word' id='word_1_101' title='bbox 782 1856 976 1936; x_wconf 91' lang='lat' dir='ltr'><strong>sumptibus</strong></span> <span class='ocrx_word' id='word_1_102' title='bbox 998 1855 1177 1931; x_wconf 88' lang='lat' dir='ltr'><strong>subierint,</strong></span> <span class='ocrx_word' id='word_1_103' title='bbox 1193 1855 1250 1919; x_wconf 89' lang='lat' dir='ltr'><strong>vel</strong></span> <span class='ocrx_word' id='word_1_104' title='bbox 1274 1856 1332 1939; x_wconf 91' lang='lat' dir='ltr'><strong>qni</strong></span> 
     </span>
     <span class='ocr_line' id='line_1_16' title="bbox 387 1954 1333 2038; baseline 0.001 -20"><span class='ocrx_word' id='word_1_105' title='bbox 387 1957 479 2019; x_wconf 90' lang='lat' dir='ltr'><strong>viros</strong></span> <span class='ocrx_word' id='word_1_106' title='bbox 502 1955 643 2018; x_wconf 90' lang='lat' dir='ltr'><strong>idoneos</strong></span> <span class='ocrx_word' id='word_1_107' title='bbox 666 1974 744 2018; x_wconf 91' lang='lat' dir='ltr'><strong>cum</strong></span> <span class='ocrx_word' id='word_1_108' title='bbox 763 1955 835 2018; x_wconf 91' lang='lat' dir='ltr'><strong>suis</strong></span> <span class='ocrx_word' id='word_1_109' title='bbox 857 1955 1019 2037; x_wconf 86' lang='lat' dir='ltr'><strong>expensis</strong></span> <span class='ocrx_word' id='word_1_110' title='bbox 1041 1975 1104 2038; x_wconf 89' lang='lat' dir='ltr'><strong>pro</strong></span> <span class='ocrx_word' id='word_1_111' title='bbox 1126 1975 1164 2018; x_wconf 89' lang='lat' dir='ltr'><strong>se</strong></span> <span class='ocrx_word' id='word_1_112' title='bbox 1181 1954 1333 2019; x_wconf 85' lang='lat' dir='ltr'><strong>destina·</strong></span> 
     </span>
     <span class='ocr_line' id='line_1_17' title="bbox 386 2054 1331 2137; baseline 0.001 -18"><span class='ocrx_word' id='word_1_113' title='bbox 386 2056 510 2131; x_wconf 87' lang='lat' dir='ltr'><strong>verint,</strong></span> <span class='ocrx_word' id='word_1_114' title='bbox 527 2055 588 2118; x_wconf 92' lang='lat' dir='ltr'><strong>sed</strong></span> <span class='ocrx_word' id='word_1_115' title='bbox 606 2062 640 2118; x_wconf 92' lang='lat' dir='ltr'><strong>et</strong></span> <span class='ocrx_word' id='word_1_116' title='bbox 656 2054 737 2130; x_wconf 92' lang='lat' dir='ltr'><strong>illis,</strong></span> <span class='ocrx_word' id='word_1_117' title='bbox 754 2054 864 2136; x_wconf 91' lang='lat' dir='ltr'><strong>quiin</strong></span> <span class='ocrx_word' id='word_1_118' title='bbox 882 2055 1003 2118; x_wconf 90' lang='lat' dir='ltr'><strong>alienis</strong></span> <span class='ocrx_word' id='word_1_119' title='bbox 1020 2055 1181 2136; x_wconf 87' lang='lat' dir='ltr'><strong>expensis</strong></span> <span class='ocrx_word' id='word_1_120' title='bbox 1197 2055 1235 2117; x_wconf 92' lang='lat' dir='ltr'><strong>in</strong></span> <span class='ocrx_word' id='word_1_121' title='bbox 1251 2075 1331 2137; x_wconf 90' lang='lat' dir='ltr'><strong>pro·</strong></span> 
     </span>
     <span class='ocr_line' id='line_1_18' title="bbox 386 2153 1331 2237; baseline 0.002 -19"><span class='ocrx_word' id='word_1_122' title='bbox 386 2156 470 2236; x_wconf 90' lang='lat' dir='ltr'><strong>priis</strong></span> <span class='ocrx_word' id='word_1_123' title='bbox 494 2154 650 2237; x_wconf 91' lang='lat' dir='ltr'><strong>personis</strong></span> <span class='ocrx_word' id='word_1_124' title='bbox 669 2153 889 2232; x_wconf 83' lang='lat' dir='ltr'><strong>accesserint,</strong></span> <span class='ocrx_word' id='word_1_125' title='bbox 909 2155 965 2218; x_wconf 89' lang='lat' dir='ltr'><strong>vel</strong></span> <span class='ocrx_word' id='word_1_126' title='bbox 988 2154 1047 2237; x_wconf 93' lang='lat' dir='ltr'><strong>qui</strong></span> <span class='ocrx_word' id='word_1_127' title='bbox 1070 2154 1236 2218; x_wconf 88' lang='lat' dir='ltr'><strong>debonis</strong></span> <span class='ocrx_word' id='word_1_128' title='bbox 1259 2156 1331 2220; x_wconf 85' lang='lat' dir='ltr'><strong>suis</strong></span> 
     </span>
     <span class='ocr_line' id='line_1_19' title="bbox 387 2254 1332 2335; baseline 0.001 -17"><span class='ocrx_word' id='word_1_129' title='bbox 387 2255 431 2318; x_wconf 89' lang='lat' dir='ltr'><strong>ad</strong></span> <span class='ocrx_word' id='word_1_130' title='bbox 464 2254 726 2318; x_wconf 89' lang='lat' dir='ltr'><strong>subventionem</strong></span> <span class='ocrx_word' id='word_1_131' title='bbox 749 2261 851 2318; x_wconf 87' lang='lat' dir='ltr'><strong>terrae</strong></span> <span class='ocrx_word' id='word_1_132' title='bbox 879 2261 1010 2318; x_wconf 84' lang='lat' dir='ltr'><strong>sanctae</strong></span> <span class='ocrx_word' id='word_1_133' title='bbox 1035 2273 1187 2335; x_wconf 84' lang='lat' dir='ltr'><strong>congrue</strong></span> <span class='ocrx_word' id='word_1_134' title='bbox 1212 2254 1332 2318; x_wconf 88' lang='lat' dir='ltr'><strong>minis·</strong></span> 
     </span>
     <span class='ocr_line' id='line_1_20' title="bbox 387 2354 1333 2436; baseline 0.001 -19"><span class='ocrx_word' id='word_1_135' title='bbox 387 2356 566 2430; x_wconf 90' lang='lat' dir='ltr'><strong>traverint,</strong></span> <span class='ocrx_word' id='word_1_136' title='bbox 590 2362 651 2418; x_wconf 89' lang='lat' dir='ltr'><strong>aut</strong></span> <span class='ocrx_word' id='word_1_137' title='bbox 668 2355 727 2436; x_wconf 91' lang='lat' dir='ltr'><strong>qui</strong></span> <span class='ocrx_word' id='word_1_138' title='bbox 752 2354 844 2417; x_wconf 89' lang='lat' dir='ltr'><strong>circa</strong></span> <span class='ocrx_word' id='word_1_139' title='bbox 864 2354 1031 2436; x_wconf 87' lang='lat' dir='ltr'><strong>praedicta</strong></span> <span class='ocrx_word' id='word_1_140' title='bbox 1051 2354 1194 2435; x_wconf 86' lang='lat' dir='ltr'><strong>negotia</strong></span> <span class='ocrx_word' id='word_1_141' title='bbox 1218 2355 1333 2418; x_wconf 89' lang='lat' dir='ltr'><strong>consi·</strong></span> 
     </span>
     <span class='ocr_line' id='line_1_21' title="bbox 386 2453 1332 2536; baseline 0.003 -21"><span class='ocrx_word' id='word_1_142' title='bbox 386 2453 470 2516; x_wconf 92' lang='lat' dir='ltr'><strong>lium</strong></span> <span class='ocrx_word' id='word_1_143' title='bbox 482 2454 539 2518; x_wconf 90' lang='lat' dir='ltr'><strong>vel</strong></span> <span class='ocrx_word' id='word_1_144' title='bbox 556 2454 724 2517; x_wconf 85' lang='lat' dir='ltr'><strong>auxilium</strong></span> <span class='ocrx_word' id='word_1_145' title='bbox 740 2461 972 2536; x_wconf 89' lang='lat' dir='ltr'><strong>opportunum</strong></span> <span class='ocrx_word' id='word_1_146' title='bbox 997 2453 1238 2536; x_wconf 86' lang='lat' dir='ltr'><strong>impenderint,</strong></span> <span class='ocrx_word' id='word_1_147' title='bbox 1260 2455 1332 2536; x_wconf 88' lang='lat' dir='ltr'><strong>ple·</strong></span> 
     </span>
     <span class='ocr_line' id='line_1_22' title="bbox 386 2553 1333 2637; baseline 0.003 -22"><span class='ocrx_word' id='word_1_148' title='bbox 386 2572 465 2616; x_wconf 89' lang='lat' dir='ltr'><strong>nam</strong></span> <span class='ocrx_word' id='word_1_149' title='bbox 491 2573 631 2616; x_wconf 89' lang='lat' dir='ltr'><strong>suorum</strong></span> <span class='ocrx_word' id='word_1_150' title='bbox 660 2554 909 2636; x_wconf 87' lang='lat' dir='ltr'><strong>peccaminum,</strong></span> <span class='ocrx_word' id='word_1_151' title='bbox 941 2553 984 2617; x_wconf 91' lang='lat' dir='ltr'><strong>de</strong></span> <span class='ocrx_word' id='word_1_152' title='bbox 1012 2553 1137 2637; x_wconf 90' lang='lat' dir='ltr'><strong>quibus</strong></span> <span class='ocrx_word' id='word_1_153' title='bbox 1160 2555 1333 2618; x_wconf 88' lang='lat' dir='ltr'><strong>veraciter</strong></span> 
     </span>
     <span class='ocr_line' id='line_1_23' title="bbox 386 2652 1332 2729; baseline 0.002 -14"><span class='ocrx_word' id='word_1_154' title='bbox 386 2652 515 2715; x_wconf 90' lang='lat' dir='ltr'><strong>fuerint</strong></span> <span class='ocrx_word' id='word_1_155' title='bbox 529 2652 630 2717; x_wconf 90' lang='lat' dir='ltr'><strong>corde</strong></span> <span class='ocrx_word' id='word_1_156' title='bbox 652 2653 791 2717; x_wconf 91' lang='lat' dir='ltr'><strong>contriti</strong></span> <span class='ocrx_word' id='word_1_157' title='bbox 818 2660 928 2717; x_wconf 18' lang='lat' dir='ltr'><strong>etrore</strong></span> <span class='ocrx_word' id='word_1_158' title='bbox 944 2653 1103 2729; x_wconf 87' lang='lat' dir='ltr'><strong>confessi,</strong></span> <span class='ocrx_word' id='word_1_159' title='bbox 1118 2653 1257 2717; x_wconf 87' lang='lat' dir='ltr'><strong>veniam</strong></span> <span class='ocrx_word' id='word_1_160' title='bbox 1279 2655 1332 2717; x_wconf 92' lang='lat' dir='ltr'><strong>in·</strong></span> 
     </span>
     <span class='ocr_line' id='line_1_24' title="bbox 387 2752 1331 2834; baseline 0.002 -19"><span class='ocrx_word' id='word_1_161' title='bbox 387 2752 578 2834; x_wconf 87' lang='lat' dir='ltr'><strong>dulgemus.</strong></span> <span class='ocrx_word' id='word_1_162' title='bbox 631 2752 824 2817; x_wconf 87' lang='lat' dir='ltr'><strong>Statuimus</strong></span> <span class='ocrx_word' id='word_1_163' title='bbox 840 2753 956 2829; x_wconf 88' lang='lat' dir='ltr'><strong>etiam,</strong></span> <span class='ocrx_word' id='word_1_164' title='bbox 971 2760 1011 2815; x_wconf 92' lang='lat' dir='ltr'><strong>ut</strong></span> <span class='ocrx_word' id='word_1_165' title='bbox 1025 2771 1156 2829; x_wconf 89' lang='lat' dir='ltr'><strong>omnes,</strong></span> <span class='ocrx_word' id='word_1_166' title='bbox 1171 2753 1246 2817; x_wconf 89' lang='lat' dir='ltr'><strong>sive</strong></span> <span class='ocrx_word' id='word_1_167' title='bbox 1262 2754 1331 2818; x_wconf 86' lang='lat' dir='ltr'><strong>cle·</strong></span> 
     </span>
     <span class='ocr_line' id='line_1_25' title="bbox 387 2852 1333 2935; baseline 0.004 -21"><span class='ocrx_word' id='word_1_168' title='bbox 387 2853 450 2916; x_wconf 90' lang='lat' dir='ltr'><strong>rici</strong></span> <span class='ocrx_word' id='word_1_169' title='bbox 469 2853 542 2917; x_wconf 90' lang='lat' dir='ltr'><strong>sive</strong></span> <span class='ocrx_word' id='word_1_170' title='bbox 561 2852 652 2929; x_wconf 91' lang='lat' dir='ltr'><strong>laici,</strong></span> <span class='ocrx_word' id='word_1_171' title='bbox 675 2861 755 2935; x_wconf 89' lang='lat' dir='ltr'><strong>post</strong></span> <span class='ocrx_word' id='word_1_172' title='bbox 770 2872 906 2917; x_wconf 89' lang='lat' dir='ltr'><strong>crucem</strong></span> <span class='ocrx_word' id='word_1_173' title='bbox 928 2858 1142 2934; x_wconf 88' lang='lat' dir='ltr'><strong>assumptam</strong></span> <span class='ocrx_word' id='word_1_174' title='bbox 1156 2853 1222 2915; x_wconf 91' lang='lat' dir='ltr'><strong>snb</strong></span> <span class='ocrx_word' id='word_1_175' title='bbox 1238 2853 1333 2918; x_wconf 89' lang='lat' dir='ltr'><strong>beati</strong></span> 
     </span>
     <span class='ocr_line' id='line_1_26' title="bbox 388 2951 1331 3036; baseline 0.003 -22"><span class='ocrx_word' id='word_1_176' title='bbox 388 2951 485 3017; x_wconf 88' lang='lat' dir='ltr'><strong>Petri</strong></span> <span class='ocrx_word' id='word_1_177' title='bbox 502 2971 543 3016; x_wconf 91' lang='lat' dir='ltr'><strong>ac</strong></span> <span class='ocrx_word' id='word_1_178' title='bbox 559 2959 679 3016; x_wconf 89' lang='lat' dir='ltr'><strong>nostra</strong></span> <span class='ocrx_word' id='word_1_179' title='bbox 698 2953 911 3036; x_wconf 88' lang='lat' dir='ltr'><strong>protectione</strong></span> <span class='ocrx_word' id='word_1_180' title='bbox 929 2952 1040 3015; x_wconf 90' lang='lat' dir='ltr'><strong>securi</strong></span> <span class='ocrx_word' id='word_1_181' title='bbox 1055 2959 1222 3016; x_wconf 90' lang='lat' dir='ltr'><strong>eteorum</strong></span> <span class='ocrx_word' id='word_1_182' title='bbox 1239 2953 1331 3017; x_wconf 88' lang='lat' dir='ltr'><strong>bona</strong></span> 
     </span>
     <span class='ocr_line' id='line_1_27' title="bbox 387 3051 1333 3135; baseline 0.003 -20"><span class='ocrx_word' id='word_1_183' title='bbox 387 3055 503 3116; x_wconf 86' lang='lat' dir='ltr'><strong>omnia</strong></span> <span class='ocrx_word' id='word_1_184' title='bbox 531 3059 768 3135; x_wconf 89' lang='lat' dir='ltr'><strong>permaneant,</strong></span> <span class='ocrx_word' id='word_1_185' title='bbox 796 3072 930 3115; x_wconf 92' lang='lat' dir='ltr'><strong>necnon</strong></span> <span class='ocrx_word' id='word_1_186' title='bbox 960 3053 1025 3115; x_wconf 92' lang='lat' dir='ltr'><strong>sub</strong></span> <span class='ocrx_word' id='word_1_187' title='bbox 1060 3051 1333 3135; x_wconf 84' lang='lat' dir='ltr'><strong>archiepiscopo·</strong></span> 
     </span>
     <span class='ocr_line' id='line_1_28' title="bbox 387 3152 1334 3236; baseline 0.003 -23"><span class='ocrx_word' id='word_1_188' title='bbox 387 3173 474 3230; x_wconf 92' lang='lat' dir='ltr'><strong>rum,</strong></span> <span class='ocrx_word' id='word_1_189' title='bbox 503 3154 741 3236; x_wconf 90' lang='lat' dir='ltr'><strong>episcoporum</strong></span> <span class='ocrx_word' id='word_1_190' title='bbox 774 3160 810 3216; x_wconf 90' lang='lat' dir='ltr'><strong>et</strong></span> <span class='ocrx_word' id='word_1_191' title='bbox 832 3153 984 3215; x_wconf 92' lang='lat' dir='ltr'><strong>omnium</strong></span> <span class='ocrx_word' id='word_1_192' title='bbox 1024 3152 1178 3216; x_wconf 87' lang='lat' dir='ltr'><strong>ecclesiae</strong></span> <span class='ocrx_word' id='word_1_193' title='bbox 1208 3152 1334 3234; x_wconf 82' lang='lat' dir='ltr'><strong>preala-</strong></span> 
     </span>
     <span class='ocr_line' id='line_1_29' title="bbox 387 3251 1333 3334; baseline 0.002 -20"><span class='ocrx_word' id='word_1_194' title='bbox 387 3258 501 3315; x_wconf 91' lang='lat' dir='ltr'><strong>torum</strong></span> <span class='ocrx_word' id='word_1_195' title='bbox 529 3252 726 3316; x_wconf 85' lang='lat' dir='ltr'><strong>defensione</strong></span> <span class='ocrx_word' id='word_1_196' title='bbox 751 3253 954 3328; x_wconf 88' lang='lat' dir='ltr'><strong>consistant,</strong></span> <span class='ocrx_word' id='word_1_197' title='bbox 984 3251 1092 3314; x_wconf 90' lang='lat' dir='ltr'><strong>donec</strong></span> <span class='ocrx_word' id='word_1_198' title='bbox 1114 3251 1157 3314; x_wconf 90' lang='lat' dir='ltr'><strong>de</strong></span> <span class='ocrx_word' id='word_1_199' title='bbox 1178 3251 1333 3334; x_wconf 89' lang='lat' dir='ltr'><strong>ipsorum</strong></span> 
     </span>
     <span class='ocr_line' id='line_1_30' title="bbox 387 3352 1333 3435; baseline 0 -19"><span class='ocrx_word' id='word_1_200' title='bbox 387 3353 484 3416; x_wconf 89' lang='lat' dir='ltr'><strong>obitu</strong></span> <span class='ocrx_word' id='word_1_201' title='bbox 501 3353 557 3416; x_wconf 88' lang='lat' dir='ltr'><strong>vel</strong></span> <span class='ocrx_word' id='word_1_202' title='bbox 579 3352 692 3416; x_wconf 88' lang='lat' dir='ltr'><strong>reditu</strong></span> <span class='ocrx_word' id='word_1_203' title='bbox 715 3353 905 3416; x_wconf 89' lang='lat' dir='ltr'><strong>certissime</strong></span> <span class='ocrx_word' id='word_1_204' title='bbox 927 3359 1179 3434; x_wconf 80' lang='lat' dir='ltr'><strong>cognoscatur3</strong></span> <span class='ocrx_word' id='word_1_205' title='bbox 1205 3353 1242 3415; x_wconf 93' lang='lat' dir='ltr'><strong>in</strong></span> <span class='ocrx_word' id='word_1_206' title='bbox 1263 3371 1333 3435; x_wconf 91' lang='lat' dir='ltr'><strong>qno</strong></span> 
     </span>
     <span class='ocr_line' id='line_1_31' title="bbox 387 3451 1334 3534; baseline 0 -19"><span class='ocrx_word' id='word_1_207' title='bbox 387 3453 506 3534; x_wconf 91' lang='lat' dir='ltr'><strong>utique</strong></span> <span class='ocrx_word' id='word_1_208' title='bbox 524 3454 671 3516; x_wconf 90' lang='lat' dir='ltr'><strong>termino</strong></span> <span class='ocrx_word' id='word_1_209' title='bbox 688 3452 803 3514; x_wconf 91' lang='lat' dir='ltr'><strong>nullus</strong></span> <span class='ocrx_word' id='word_1_210' title='bbox 821 3471 922 3515; x_wconf 90' lang='lat' dir='ltr'><strong>cruce</strong></span> <span class='ocrx_word' id='word_1_211' title='bbox 943 3453 1114 3532; x_wconf 67' lang='lat' dir='ltr'><strong>signatus</strong></span> <span class='ocrx_word' id='word_1_212' title='bbox 1137 3451 1212 3515; x_wconf 89' lang='lat' dir='ltr'><strong>sive</strong></span> <span class='ocrx_word' id='word_1_213' title='bbox 1229 3470 1251 3515; x_wconf 88' lang='lat' dir='ltr'><strong>a</strong></span> <span class='ocrx_word' id='word_1_214' title='bbox 1267 3452 1291 3516; x_wconf 85' lang='lat' dir='ltr'>J</span> <span class='ocrx_word' id='word_1_215' title='bbox 1294 3472 1334 3515; x_wconf 91' lang='lat' dir='ltr'><strong>u·</strong></span> 
     </span>
     <span class='ocr_line' id='line_1_32' title="bbox 388 3551 1333 3634; baseline 0.001 -19"><span class='ocrx_word' id='word_1_216' title='bbox 388 3552 472 3616; x_wconf 87' lang='lat' dir='ltr'><strong>daeis</strong></span> <span class='ocrx_word' id='word_1_217' title='bbox 497 3552 570 3616; x_wconf 91' lang='lat' dir='ltr'><strong>sive</strong></span> <span class='ocrx_word' id='word_1_218' title='bbox 588 3573 610 3616; x_wconf 91' lang='lat' dir='ltr'><strong>a</strong></span> <span class='ocrx_word' id='word_1_219' title='bbox 627 3551 846 3628; x_wconf 86' lang='lat' dir='ltr'><strong>Christianis,</strong></span> <span class='ocrx_word' id='word_1_220' title='bbox 863 3551 907 3615; x_wconf 88' lang='lat' dir='ltr'><strong>ad</strong></span> <span class='ocrx_word' id='word_1_221' title='bbox 927 3551 1183 3634; x_wconf 86' lang='lat' dir='ltr'><strong>praestationem</strong></span> <span class='ocrx_word' id='word_1_222' title='bbox 1213 3571 1333 3616; x_wconf 86' lang='lat' dir='ltr'><strong>usura-</strong></span> 
     </span>
     <span class='ocr_line' id='line_1_33' title="bbox 388 3651 1334 3735; baseline 0 -20"><span class='ocrx_word' id='word_1_223' title='bbox 388 3673 462 3715; x_wconf 91' lang='lat' dir='ltr'><strong>rum</strong></span> <span class='ocrx_word' id='word_1_224' title='bbox 479 3653 717 3735; x_wconf 88' lang='lat' dir='ltr'><strong>compellatur.</strong></span> <span class='ocrx_word' id='word_1_225' title='bbox 754 3652 885 3716; x_wconf 82' lang='lat' dir='ltr'><strong>Datum</strong></span> <span class='ocrx_word' id='word_1_226' title='bbox 901 3652 1045 3734; x_wconf 91' lang='lat' dir='ltr'><strong>Spoleti,</strong></span> <span class='ocrx_word' id='word_1_227' title='bbox 1061 3651 1212 3716; x_wconf 90' lang='lat' dir='ltr'><strong>secundo</strong></span> <span class='ocrx_word' id='word_1_228' title='bbox 1223 3671 1334 3716; x_wconf 85' lang='lat' dir='ltr'><strong>nonas</strong></span> 
     </span>
     <span class='ocr_line' id='line_1_34' title="bbox 386 3750 1333 3836; baseline 0.001 -21"><span class='ocrx_word' id='word_1_229' title='bbox 386 3752 608 3835; x_wconf 88' lang='lat' dir='ltr'><strong>Septembris,</strong></span> <span class='ocrx_word' id='word_1_230' title='bbox 620 3752 842 3836; x_wconf 92' lang='lat' dir='ltr'><strong>pontificatus</strong></span> <span class='ocrx_word' id='word_1_231' title='bbox 860 3753 969 3815; x_wconf 88' lang='lat' dir='ltr'><strong>nostri</strong></span> <span class='ocrx_word' id='word_1_232' title='bbox 981 3771 1073 3816; x_wconf 92' lang='lat' dir='ltr'><strong>anno</strong></span> <span class='ocrx_word' id='word_1_233' title='bbox 1088 3751 1237 3816; x_wconf 88' lang='lat' dir='ltr'><strong>octavo.&#39;</strong></span> <span class='ocrx_word' id='word_1_234' title='bbox 1263 3750 1333 3816; x_wconf 86' lang='lat' dir='ltr'><strong>As-</strong></span> 
     </span>
     <span class='ocr_line' id='line_1_35' title="bbox 385 3851 1334 3935; baseline 0.002 -21"><span class='ocrx_word' id='word_1_235' title='bbox 385 3854 515 3935; x_wconf 86' lang='lat' dir='ltr'><strong>signati</strong></span> <span class='ocrx_word' id='word_1_236' title='bbox 541 3861 622 3917; x_wconf 88' lang='lat' dir='ltr'><strong>sunt</strong></span> <span class='ocrx_word' id='word_1_237' title='bbox 638 3860 754 3917; x_wconf 90' lang='lat' dir='ltr'><strong>autem</strong></span> <span class='ocrx_word' id='word_1_238' title='bbox 777 3852 1021 3935; x_wconf 87' lang='lat' dir='ltr'><strong>praedicatores</strong></span> <span class='ocrx_word' id='word_1_239' title='bbox 1038 3870 1060 3915; x_wconf 89' lang='lat' dir='ltr'><strong>a</strong></span> <span class='ocrx_word' id='word_1_240' title='bbox 1075 3851 1216 3915; x_wconf 92' lang='lat' dir='ltr'><strong>domino</strong></span> <span class='ocrx_word' id='word_1_241' title='bbox 1240 3871 1334 3935; x_wconf 89' lang='lat' dir='ltr'><strong>papa</strong></span> 
     </span>
     <span class='ocr_line' id='line_1_36' title="bbox 384 3950 1335 4036; baseline 0.001 -21"><span class='ocrx_word' id='word_1_242' title='bbox 384 3954 421 4015; x_wconf 93' lang='lat' dir='ltr'><strong>in</strong></span> <span class='ocrx_word' id='word_1_243' title='bbox 448 3972 535 4034; x_wconf 87' lang='lat' dir='ltr'><strong>opus</strong></span> <span class='ocrx_word' id='word_1_244' title='bbox 562 3954 673 4016; x_wconf 86' lang='lat' dir='ltr'><strong>crucis</strong></span> <span class='ocrx_word' id='word_1_245' title='bbox 698 3973 761 4036; x_wconf 87' lang='lat' dir='ltr'><strong>per</strong></span> <span class='ocrx_word' id='word_1_246' title='bbox 786 3955 901 4016; x_wconf 89' lang='lat' dir='ltr'><strong>orbern</strong></span> <span class='ocrx_word' id='word_1_247' title='bbox 924 3953 1122 4016; x_wconf 89' lang='lat' dir='ltr'><strong>universum</strong></span> <span class='ocrx_word' id='word_1_248' title='bbox 1139 3950 1266 4015; x_wconf 81' lang='lat' dir='ltr'><strong>fratres</strong></span> <span class='ocrx_word' id='word_1_249' title='bbox 1291 3952 1335 4016; x_wconf 89' lang='lat' dir='ltr'><strong>de</strong></span> 
     </span>
     <span class='ocr_line' id='line_1_37' title="bbox 384 4051 1336 4133; baseline -0.002 -17"><span class='ocrx_word' id='word_1_250' title='bbox 384 4054 503 4116; x_wconf 91' lang='lat' dir='ltr'><strong>ordine</strong></span> <span class='ocrx_word' id='word_1_251' title='bbox 530 4052 704 4116; x_wconf 88' lang='lat' dir='ltr'><strong>Minorum</strong></span> <span class='ocrx_word' id='word_1_252' title='bbox 730 4072 771 4116; x_wconf 89' lang='lat' dir='ltr'><strong>ac</strong></span> <span class='ocrx_word' id='word_1_253' title='bbox 798 4051 1083 4128; x_wconf 87' lang='lat' dir='ltr'><strong>Praedicatorum,</strong></span> <span class='ocrx_word' id='word_1_254' title='bbox 1106 4071 1184 4114; x_wconf 90' lang='lat' dir='ltr'><strong>cum</strong></span> <span class='ocrx_word' id='word_1_255' title='bbox 1206 4053 1336 4133; x_wconf 84' lang='lat' dir='ltr'><strong>magis-</strong></span> 
     </span>
    </p>
   </div>
   <div class='ocr_carea' id='block_1_3' title="bbox 386 4151 1335 4236">
    <p class='ocr_par' dir='ltr' id='par_1_3' title="bbox 386 4151 1335 4236">
     <span class='ocr_line' id='line_1_38' title="bbox 386 4151 1335 4236; baseline -0.003 -19"><span class='ocrx_word' id='word_1_256' title='bbox 386 4155 447 4217; x_wconf 91' lang='lat' dir='ltr'><strong>tris</strong></span> <span class='ocrx_word' id='word_1_257' title='bbox 469 4154 505 4217; x_wconf 93' lang='lat' dir='ltr'><strong>in</strong></span> <span class='ocrx_word' id='word_1_258' title='bbox 525 4152 701 4234; x_wconf 83' lang='lat' dir='ltr'><strong>theologia</strong></span> <span class='ocrx_word' id='word_1_259' title='bbox 724 4152 896 4236; x_wconf 67' lang='lat' dir='ltr'><strong>perfectis</strong></span> <span class='ocrx_word' id='word_1_260' title='bbox 919 4153 1031 4235; x_wconf 91' lang='lat' dir='ltr'><strong>quiin</strong></span> <span class='ocrx_word' id='word_1_261' title='bbox 1056 4170 1144 4234; x_wconf 89' lang='lat' dir='ltr'><strong>opus</strong></span> <span class='ocrx_word' id='word_1_262' title='bbox 1161 4151 1335 4235; x_wconf 85' lang='lat' dir='ltr'><strong>evangelii</strong></span> 
     </span>
    </p>
   </div>
   <div class='ocr_carea' id='block_1_4' title="bbox 0 0 1437 4866">
    <p class='ocr_par' dir='ltr' id='par_1_4' title="bbox 0 0 1437 4866">
     <span class='ocr_line' id='line_1_39' title="bbox 0 0 1437 4866; baseline 0 0"><span class='ocrx_word' id='word_1_263' title='bbox 0 0 1437 4866; x_wconf 95' lang='lat' dir='ltr'><strong> </strong></span> 
     </span>
    </p>
   </div>
  </div>
 </body>
</html>
