2864 4866
196 614 251 654 xl).
264 614 318 653 1223.

198 2203 246 2243 The
253 2203 329 2242 barons

199 2263 299 2292 murmur

199 2303 284 2351 against

199 2353 283 2393 Hubert
291 2353 318 2392 de

200 2403 280 2454 Burglu

354 407 399 472 88
609 423 744 469 nonani
769 422 816 467 nn
839 417 1044 468 wunnovrcn

357 603 440 647 nare
456 582 644 646 contendit.
694 582 875 663 Rogamus
888 578 996 661 igitur
1011 576 1179 641 attentius
1194 582 1229 640 et
1245 594 1308 658 per

357 685 590 765 aspersionem
617 682 797 764 sanguinis
822 681 845 744 J
849 700 910 744 esu
933 679 1075 754 Christi,
1101 684 1138 741 et
1156 695 1306 761 propen-

357 785 430 848 sius
460 785 692 858 obsecramus,
721 780 929 864 auctoritate
954 777 1084 843 domini
1107 797 1220 860 papae,
1236 795 1307 860 qua

357 884 535 965 fungimur
563 884 601 948 in
629 883 694 947 hac
723 889 836 964 parte,
865 879 1021 945 districte
1053 877 1307 962 praecipientes,

359 991 530 1068 quatenus
560 983 707 1049 veniatis
733 982 880 1047 Senonis
911 981 947 1044 in
973 979 1108 1044 octavis
1131 977 1306 1062 apostolo-

359 1104 436 1148 rum
463 1083 559 1147 Petri
585 1090 621 1147 et
643 1082 746 1146 Pauli
773 1082 932 1164 proxime
948 1080 1087 1156 futuris,
1110 1080 1169 1142 uhi
1193 1077 1307 1142 etalii

359 1185 495 1266 praelati
515 1184 685 1261 Franciae,
699 1183 838 1247 favente
861 1181 1023 1256 Domino,
1046 1180 1306 1262 congregabun-

360 1277 429 1362 tu'r,
451 1285 566 1366 parati
589 1284 770 1348 consilium
800 1282 884 1346 dare
907 1282 944 1345 in
966 1281 1106 1362 negotio
1128 1278 1307 1362 praedicto,

360 1392 486 1448 etcum
503 1385 592 1459 aliis,
609 1385 669 1465 qui
682 1383 808 1447 ibidem
825 1382 984 1456 aderunt,
1006 1380 1187 1464 providere
1205 1399 1309 1462 super

361 1484 501 1566 negotio
527 1482 735 1566 Albigensi3
762 1483 915 1565 alioquin
939 1481 1206 1546 inobedientiam
1230 1499 1307 1543 ves-

361 1593 450 1647 tram
468 1583 606 1648 domino
621 1603 721 1666 papae
740 1584 934 1647 curabimus
954 1580 1161 1663 significare.
1212 1580 1309 1644 Data

362 1678 546 1762 Planium,¹
565 1692 668 1749 sexto
687 1703 798 1748 nonas
812 1683 923 1747 tulii!
975 1681 1042 1746 Sed
1062 1681 1155 1746 huuc
1169 1682 1308 1744 tandem

361 1786 547 1850 tumultum
575 1805 669 1849 mors
689 1783 846 1866 praedicti
868 1785 1043 1866 antipapae
1065 1783 1222 1847 celeriter
1240 1789 1312 1846 ter-

360 1885 516 1950 minavit.

381 2065 431 2128 De
447 2062 630 2149 quidusdam
646 2061 810 2129 baronibus
824 2063 953 2128 schism
968 2063 1104 2128 eantare
1118 2059 1296 2127 uolentibus.

414 2188 543 2252 Eodem
562 2209 653 2253 anno
670 2189 821 2253 surrexit
837 2188 1064 2252 murmuratio
1086 2207 1155 2252 non
1176 2186 1312 2252 modica

362 2308 383 2352 a
410 2290 630 2370 magnatibus
645 2290 785 2371 Angliae
799 2297 922 2354 contra
940 2289 1136 2352 Hubertum
1159 2287 1202 2351 de
1221 2288 1311 2351 Bur·

362 2408 409 2470 go
435 2389 677 2472 justiciarium,
704 2384 782 2473 ²qui
808 2409 926 2473 pacem
955 2389 1053 2470 regni
1080 2388 1197 2452 conati
1228 2394 1312 2451 sunt

296 2533 298 2537 -
362 2491 589 2571 perturbare;
629 2491 790 2555 dicebant
821 2492 912 2554 enim
948 2488 992 2552 ad
1024 2490 1185 2565 invicem,
1218 2487 1311 2569 quod

361 2590 515 2652 animum
537 2592 628 2672 regis
648 2592 880 2673 exasperabat
901 2598 1022 2653 contra
1047 2588 1139 2665 illos,
1163 2596 1198 2652 et
1219 2588 1311 2671 quod

363 2689 520 2754 similiter
537 2710 605 2754 non
622 2692 730 2774 aequis
744 2692 879 2772 legibus
892 2710 1035 2772 regnum
1054 2691 1207 2772 regebat.
1240 2687 1311 2752 Ac-

363 2790 467 2853 cessit
489 2798 659 2872 praeterea
683 2791 726 2854 ad
755 2791 896 2875 majoris
925 2791 994 2854 odii
1019 2791 1228 2855 incentivum
1252 2789 1313 2853 ad-

363 2897 488 2954 ventus
519 2892 716 2955 nuntiorum
742 2893 846 2974 regis,
873 2910 960 2974 quos
987 2890 1134 2954 Romam
1158 2889 1312 2967 miserat,

363 2990 422 3072 qui
446 2991 575 3054 bullam
598 2991 727 3055 domini
756 3012 857 3074 papae
883 2991 1150 3074 archiepiscopis
1172 2990 1313 3073 Angliae

362 3098 396 3153 et
413 3110 531 3154 eorum
548 3091 775 3173 suffraganeis
791 3091 1003 3168 deserebant,
1021 3111 1098 3174 quae
1114 3091 1219 3155 talem
1234 3111 1312 3174 con-

362 3191 495 3255 tinebat
513 3193 732 3268 sententiam,
746 3192 915 3267 videlicet,
937 3192 1029 3274 quod
1044 3192 1203 3256 dominus
1218 3211 1310 3274 papa

362 3310 477 3372 regem
500 3289 639 3373 Anglioe
654 3293 765 3374 plenae
788 3293 902 3356 aetatis
925 3292 1194 3376 adjudicaverat,
1212 3300 1252 3355 ut
1270 3291 1313 3356 de

362 3400 489 3455 caetero
506 3394 646 3473 negotia
664 3393 759 3473 regni
781 3392 872 3455 idem
895 3413 957 3455 rex
980 3392 1216 3475 principaliter
1233 3412 1311 3455 eum

363 3510 503 3553 suorum
536 3490 798 3556 domesticorum
826 3493 969 3557 consilio
995 3494 1180 3557 ordinaret.
1232 3492 1311 3574 Sig-

364 3589 519 3654 nificavit
552 3592 656 3654 etiam
691 3593 952 3656 exsecutoribus
982 3593 1171 3675 praelibatis
1198 3592 1312 3657 dictus

400 3813 566 3880 'Pinnium.]
583 3817 695 3867 ‘Provin
707 3814 722 3880 ;'
747 3820 823 3873 Thes.
850 3837 883 3870 on
906 3821 948 3871 the
969 3827 1034 3872 state
1051 3823 1081 3872 of
1095 3822 1137 3872 the
1156 3827 1271 3884 country,
1287 3824 1313 3873 in

365 3886 521 3936 Auecd.col.
533 3891 591 3936 9⁰3.
850 3892 935 3942 which
951 3893 983 3942 he
999 3894 1061 3942 aska
1076 3893 1143 3942 them
1159 3898 1186 3942 to
1201 3895 1274 3944 write
1286 3901 1313 3944 to

850 3962 893 4012 the
904 3966 1005 4024 barone,
1016 3965 1108 4026 urging
1119 3965 1187 4013 them
1198 3969 1224 4013 to
1233 3978 1313 4024 peace

400 4023 472 4082 ’Qui
487 4041 569 4089 pacem
584 4028 657 4090 regni
674 4032 753 4080 conati
770 4037 827 4080 eunt
852 4035 902 4083 aud
914 4035 1059 4083 obedience.
1095 4034 1166 4095 They
1177 4050 1220 4083 are
1236 4034 1313 4084 dated

362 4092 528 4165 perturbare]
547 4099 577 4147 In
590 4100 684 4160 Rymer
695 4115 737 4150 are
748 4104 829 4162 print·
852 4104 911 4153 reth
924 4106 1076 4167 November,
1091 4106 1117 4152 in
1134 4104 1176 4153 the
1193 4120 1314 4166 presence

365 4167 398 4215 ed
421 4172 473 4217 two
498 4169 584 4219 letters
606 4170 636 4219 oi
655 4170 698 4220 the
723 4171 784 4234 king
802 4178 827 4222 to
853 4174 882 4223 of
890 4176 926 4225 H.
938 4176 970 4224 de
983 4176 1081 4237 Burgh,
1091 4176 1141 4224 and
1152 4176 1194 4226 the
1209 4176 1315 4239 bishops

365 4237 407 4286 the
424 4253 490 4300 pope
508 4240 558 4288 aud
574 4240 661 4290 Gitalo
677 4241 719 4290 the
735 4243 828 4306 legate,
851 4244 881 4294 of
890 4246 956 4295 Bath
968 4246 1018 4295 and
1029 4246 1172 4308 salisbury.
