2864 4866
348 389 413 476 128
592 406 727 454 aornar
753 404 799 451 on
823 401 1032 452 wnuuovsn

186 573 242 614 121>-
252 574 308 614 ¹²2⁶·
347 564 411 628 beo
427 561 519 645 quod
536 582 635 626 nemo
652 562 763 647 pejus,
775 581 855 625 nam
865 560 939 624 haec
955 579 1032 624 mea
1043 579 1121 643 quae
1136 559 1232 625 vides
1244 562 1296 624 in-

347 664 511 728 dumenta
527 663 613 728 adeo
626 663 784 728 ardentia
799 669 881 726 sunt
896 669 931 725 et
947 661 1153 744 ponderosa,
1169 662 1297 743 utnul-

346 764 401 828 lus
419 764 478 847 qui
495 766 531 829 in
547 766 664 829 seculo
681 765 778 829 vivat
799 763 860 826 illa
875 770 1019 845 tangere
1034 750 1206 828 sufficeret
1223 783 1296 846 pree

346 865 469 929 ardore
490 866 546 931 vel
570 872 712 948 propter
734 863 1026 947 ponderositatem
1044 871 1195 946 portare,
1212 864 1298 948 quin

346 967 504 1048 protinus
520 967 723 1045 moriretur;
756 965 817 1029 sed
841 971 957 1028 tamen
984 984 1046 1047 per
1064 965 1132 1028 Dei
1151 965 1298 1029 clemen·

347 1067 430 1130 tiam
453 1087 555 1151 spero
583 1073 619 1131 et
643 1067 791 1149 gratiam
816 1064 1034 1143 ineffabilem,
1063 1085 1117 1129 me
1143 1065 1299 1148 quando·

346 1187 413 1250 que
431 1168 698 1234 misericordiam
713 1167 929 1250 adepturum.
970 1165 1100 1244 Quaeso
1114 1166 1222 1248 igitur
1238 1167 1298 1230 ob·

345 1269 462 1333 nixius
481 1269 733 1334 fraternitatem
758 1275 866 1345 tuam,
885 1273 924 1330 ut
939 1267 1034 1331 dicas
1055 1266 1231 1333 Richardo
1254 1268 1298 1331 de

346 1367 512 1445 Marisco,
537 1389 629 1433 nunc
649 1368 876 1433 Dunelmensi
899 1368 1074 1450 episcopo,
1097 1368 1201 1450 quod,
1229 1369 1296 1432 nisi

346 1475 427 1533 ante
443 1476 588 1534 mortem
605 1488 704 1535 suam
715 1470 823 1534 vitam
835 1469 1025 1532 correxerit
1038 1468 1247 1551 flagitiosam
1260 1478 1297 1535 et

345 1588 421 1633 eam
432 1589 494 1652 per
508 1569 747 1652 poenitentiam
757 1576 793 1633 et
804 1568 1075 1633 satisfactionem
1086 1569 1294 1651 condignam

345 1670 592 1746 emendaverit,
608 1670 708 1734 sedes
718 1670 794 1754 ejus
802 1669 877 1754 jam
891 1677 1015 1752 parata
1029 1676 1082 1733 est
1092 1670 1128 1733 in
1138 1669 1273 1736 inferno
1285 1692 1294 1751 3

345 1776 392 1846 et,
419 1771 450 1834 si
471 1770 526 1834 his
548 1770 649 1836 dictis
671 1770 741 1835 tuis
764 1778 799 1835 et
813 1770 986 1834 mandatis
1009 1771 1094 1834 meis
1113 1770 1215 1835 fidem
1232 1771 1313 1835 ad-'

344 1869 461 1936 hibere
483 1872 740 1954 contempserit,
763 1891 824 1954 per
838 1870 912 1934 haec
933 1870 1137 1952 intersignia
1158 1891 1293 1936 omnem

345 1969 496 2053 deponat
524 1973 794 2054 ambiguitatem,
818 1971 923 2054 quod,
951 1971 1031 2035 dum
1052 1971 1117 2036 soli
1139 1990 1292 2037 essemus

344 2071 379 2135 in
402 2071 480 2137 loco
502 2072 562 2137 illo
586 2072 652 2136 sibi
671 2071 863 2148 notissimo,
881 2071 976 2135 dedit
992 2070 1075 2134 mihi
1098 2073 1290 2152 consilium,

345 2179 416 2236 tam
444 2173 528 2237 milri
549 2193 653 2256 quam
675 2173 741 2237 sibi
763 2172 866 2237 nimis
892 2172 1108 2248 damnosum,
1131 2180 1170 2237 ut
1194 2157 1316 2240 vide.

344 2271 461 2337 liceta
481 2273 656 2339 monachis
678 2273 962 2338 cisterciensibus
984 2271 1153 2336 auferrem
1176 2274 1292 2338 lanam

344 2391 444 2436 suam
467 2375 569 2437 unius
591 2374 683 2451 anni,
706 2381 741 2438 et
761 2373 854 2456 quod
874 2373 983 2436 multa
1003 2372 1073 2436 alia
1092 2373 1186 2437 dedit
1210 2375 1293 2438 mihi

344 2472 489 2537 consilia
505 2474 637 2555 iniqua,
654 2493 718 2556 pro
740 2475 864 2557 quibus
886 2491 976 2536 nunc
999 2472 1133 2555 perfero
1155 2474 1293 2539 inenar-

345 2571 478 2650 rabilia,
504 2593 583 2658 quae
613 2575 718 2638 etiam
747 2581 782 2638 et
809 2573 860 2637 illi
895 2574 1075 2651 debentur,
1108 2581 1290 2641 tormenta.

345 2671 460 2750 Quod,
475 2674 505 2737 si
516 2673 629 2738 adhuc
638 2673 849 2739 dubitaverit
861 2674 1000 2738 credere
1011 2673 1183 2738 mandatis
1196 2677 1293 2755 meis,

344 2773 474 2837 recolat
502 2775 594 2857 quod
623 2774 660 2838 in
689 2774 750 2838 illo
777 2774 853 2839 loco
872 2781 915 2854 ,et
942 2773 1028 2838 hora
1053 2774 1172 2838 eadem
1197 2775 1292 2842 dedit

343 2873 426 2936 mihi
441 2874 590 2957 lapidem
605 2895 712 2938 unum
735 2873 936 2957 pretiosum,
956 2894 1058 2957 quem
1074 2894 1137 2957 pro
1157 2876 1292 2958 ingenti

342 2975 488 3055 pecunia
511 2975 749 3058 comparavit!
801 2974 859 3052 Et,
881 2974 934 3038 his
952 2974 1065 3053 dictis,
1080 2995 1143 3040 rex
1169 2976 1287 3060 dispa-

342 3075 413 3138 ruit
427 3082 463 3140 et
475 3076 664 3141 monachus
679 3084 823 3159 stupens
836 3075 1027 3158 evigilavit.

393 3175 568 3242 Defuncto
594 3178 712 3259 itaque
740 3175 928 3254 Richardo',
959 3176 1185 3241 Dunelmensi
1214 3180 1288 3261 cpi-

234 3255 291 3285 ⁰⁸⁸⁰¹
342 3293 459 3358 scopo,
485 3279 579 3360 prior
601 3284 636 3341 et
658 3283 850 3342 conventus
877 3296 956 3340 cum
980 3294 1002 3340 a
1024 3297 1106 3360 rege
1132 3284 1290 3360 peterent

342 3375 516 3442 licentiam
535 3377 683 3457 eligendi
701 3384 887 3460 pastorem,
905 3397 966 3441 rex
994 3378 1120 3442 obtulit
1144 3378 1195 3442 cis
1218 3378 1290 3443 Lu·

341 3495 417 3539 cam
445 3479 660 3560 capellanum
687 3497 800 3553 suum,
822 3478 932 3541 multa
958 3478 1209 3561 supplicatione
1234 3500 1290 3544 ro·

341 3595 442 3657 gene,
460 3585 499 3642 ut
515 3577 611 3641 illum
626 3579 817 3660 reciperent
832 3577 867 3640 in
884 3585 1069 3660 pastorem.
1124 3578 1290 3645 Monachi

341 3696 423 3741 vero
437 3678 491 3741 ad
510 3677 575 3742 hoc
600 3679 860 3761 responderunt,
887 3679 979 3761 quod
1001 3679 1134 3743 nullum
1158 3679 1290 3763 recipe·

340 3785 418 3842 rent
438 3778 505 3841 nisi
525 3779 691 3842 canonica
713 3779 880 3843 electione
903 3780 1107 3862 praemissa3
1137 3799 1200 3844 rex
1227 3800 1289 3845 au·

341 3884 410 3943 tem
438 3899 458 3943 e
487 3885 607 3943 contra
637 3899 715 3943 curn
742 3879 941 3963 juramento
970 3877 1165 3958 affirmavit,
1193 3881 1288 3963 ipsos

340 3976 474 4043 futuros
491 3999 553 4062 per
569 3982 786 4062 septennium
801 3981 875 4044 sine
889 3980 1063 4063 episcopo,
1081 3981 1147 4045 nisi
1163 3981 1290 4063 praefa-

339 4086 412 4142 tum
431 4079 561 4144 Lucam
579 4080 800 4146 admitterent
812 4080 856 4144 ad
872 4081 1093 4163 pontificatus
1112 4081 1288 4148 honorem.

342 4178 542 4246 Conventus
576 4201 660 4248 vero
698 4182 796 4246 illum
835 4181 878 4246 ad
914 4189 1049 4248 tantam
1080 4181 1286 4264 dignitatem
