2864 4866
338 395 381 458 14
604 410 737 458 nocnnr
762 411 809 458 nn
832 410 1036 458 wunnovnn

176 586 299 627 annu·
338 572 440 636 minis
466 572 502 636 in
525 591 566 636 eo
589 589 805 654 suspensam,
828 570 979 635 brachiis
1001 570 1145 635 elevatis
1169 576 1205 634 et
1226 589 1289 633 ex-

338 672 459 750 tensis,
488 690 566 736 cum
600 672 764 736 infixione
797 670 974 736 clavorum
1002 671 1039 733 in
1067 670 1227 734 manibus
1253 677 1290 734 et

338 772 483 856 pedibus
509 779 545 836 et
567 772 681 854 capite
708 772 895 850 inclinat03
925 778 960 835 et
984 770 1059 834 haec
1087 771 1200 834 media
1222 768 1290 833 fuit

338 873 428 936 inter
458 872 557 949 alias,
585 873 621 935 in
652 871 777 954 quibus
807 871 960 954 corporis
990 870 1132 934 humani
1158 868 1288 950 effigies

339 992 409 1037 non
433 974 645 1056 apparebat:
681 973 750 1035 alia
781 990 919 1055 quoque
941 971 1015 1035 vice
1041 971 1170 1034 etalio
1198 969 1289 1046 loco,

331 1072 374 1160 ‘in
393 1072 478 1136 villa
503 1072 636 1136 scilicet
657 1072 792 1149 Frisiae,
812 1090 891 1153 quae
914 1070 1110 1135 Fuserhuse
1133 1069 1288 1153 appella-

340 1180 408 1250 tur,
432 1191 520 1235 crux
548 1172 710 1254 apparuit
731 1171 839 1255 juxta
861 1171 967 1235 solem
993 1171 1131 1234 caerulei
1150 1169 1288 1247 coloris»,

340 1279 374 1335 et
400 1271 490 1335 hanc
517 1272 633 1354 plures
661 1291 766 1355 quam
799 1271 946 1354 priorem
971 1269 1151 1334 viderunt:
1184 1271 1289 1334 tertia

340 1372 502 1454 apparuit
519 1373 556 1435 in
576 1371 661 1435 villa
684 1372 870 1448 Doctham,
890 1371 925 1433 in
944 1389 1015 1454 qua
1033 1372 1157 1434 beatus
1178 1370 1286 1433 Boni·

340 1470 450 1535 facins
477 1472 643 1554 martyrio
669 1472 806 1536 exstitit
825 1478 1031 1550 coronatus;
1054 1471 1114 1533 ubi
1139 1470 1175 1533 in
1199 1469 1287 1533 festo

340 1570 496 1655 ejusdem
528 1572 702 1656 martyris,
729 1591 806 1635 cum
835 1571 945 1636 multa
975 1570 1149 1634 hominum
1179 1568 1289 1633 millia

339 1672 590 1748 convenissent,
617 1672 694 1736 visa
723 1679 777 1735 est
798 1691 885 1735 crux
915 1689 1044 1752 magna
1067 1677 1103 1735 et
1124 1669 1216 1747 alba,
1246 1687 1288 1732 ac
1389 1742 1391 1746 y

339 1771 370 1833 si
403 1773 519 1836 trabes
552 1792 597 1835 ex
628 1772 775 1837 adverso
805 1771 912 1835 trabis
943 1769 1171 1835 artificialiter
1204 1789 1288 1833 con-

339 1878 473 1936 structa
498 1872 645 1951 suisset3
677 1873 881 1937 movebatur
908 1877 1026 1936 autem
1053 1869 1221 1953 paulatim
1244 1869 1289 1932 ab

338 1972 499 2053 aquilone
524 1972 568 2035 ad
597 1973 775 2051 orientem,
801 1979 837 2037 et
858 1971 948 2035 hanc
975 1969 1086 2035 multa
1112 1969 1287 2034 hominum

338 2071 447 2135 millia
472 2080 738 2155 conspexerunt.

532 2247 582 2310 Dc
597 2244 749 2310 obsidione
764 2245 861 2310 castri
877 2245 914 2309 de
929 2242 1100 2310 Mensored

390 2368 460 2432 Per
482 2369 573 2433 idern
595 2377 742 2454 tempuS,
763 2379 844 2453 post
866 2369 1070 2434 Paschalem
1091 2369 1288 2434 solemnita·

202 2448 229 2477 ⁰¹¹
250 2449 299 2478 Μ’
339 2475 421 2545 tem,
458 2479 666 2553 procurante
697 2470 874 2535 Wilielmo
911 2470 1156 2547 Mareschailo,
1197 2471 1289 2552 regis

338 2577 471 2633 rectore
504 2577 539 2633 et
572 2572 673 2653 regni
702 2569 854 2653 Angliae,
887 2577 1122 2636 convenerunt
1150 2570 1193 2633 ad
1226 2571 1288 2634 ob-

338 2667 517 2732 sidendum
569 2677 721 2735 castrum
764 2670 807 2735 de
854 2671 1035 2736 Munsorel
1080 2670 1288 2753 Ranulphus

337 2787 452 2832 comes
488 2768 646 2848 Gestriae,
674 2770 871 2835 Wilielmus
907 2790 1022 2835 comes
1051 2769 1287 2847 Albemarliae,

338 2867 534 2933 Willelmus
574 2890 687 2934 comes
726 2869 768 2934 de
810 2871 991 2947 Ferrariis,
1031 2870 1208 2935 Robertus
1244 2870 1287 2934 de

338 2966 590 3050 Veteri-ponte,
609 2971 782 3034 Briennns
804 2970 847 3034 de
864 2969 996 3048 Insula,
1015 2970 1074 3034 W.
1091 2971 1133 3034 de
1157 2970 1285 3035 Cante-

338 3067 433 3150 lupo,
471 3067 654 3153 Philippus
695 3069 820 3147 Marci,
861 3070 1036 3135 Robertus
1073 3070 1116 3134 de
1157 3070 1286 3152 Gaugi,

339 3167 519 3233 Falcasius
543 3190 621 3234 eum
644 3169 844 3234 castellanis
871 3172 955 3249 suis,
979 3178 1015 3235 et
1040 3171 1099 3234 alii
1119 3171 1219 3235 multi
1242 3190 1286 3234 ex

337 3269 506 3350 praesidiis
532 3277 735 3349 castrorum,
758 3271 830 3352 qui,
854 3271 1032 3337 collocatis
1061 3271 1228 3334 machinis
1250 3272 1287 3334 in

337 3367 422 3433 locis
446 3372 620 3451 congruis,
643 3371 772 3435 dictum
796 3372 976 3435 castellum
1002 3369 1129 3433 acriter
1148 3370 1285 3432 invase-

337 3475 430 3532 runt.
500 3470 584 3534 Erat
616 3489 770 3533 summus
796 3471 832 3532 in
864 3470 1007 3533 castello
1041 3466 1216 3531 Henricus
1244 3468 1287 3532 de

339 3567 518 3646 Braibroc,
539 3576 574 3634 et
589 3569 706 3632 decem
726 3569 853 3633 milites
871 3588 948 3632 cum
968 3588 1021 3645 eo,
1039 3566 1104 3632 viri
1121 3569 1284 3632 strenuis-

338 3667 428 3744 simi,
443 3687 522 3732 curn
539 3669 767 3734 servientibus
785 3668 915 3747 multis,
929 3669 989 3752 qui
1003 3667 1162 3733 hostibus
1178 3668 1287 3733 assili-

339 3768 475 3830 entibus
491 3768 624 3851 lapides
645 3788 708 3851 pro
725 3768 909 3852 lapidibuS,
930 3770 1000 3834 tela
1018 3768 1189 3852 protelis,
1207 3769 1287 3832 viri-

336 3865 416 3930 liter
433 3869 658 3949 remiserunt;
681 3868 805 3933 inclusi
820 3888 969 3951 quoque,
985 3889 1063 3933 cum
1080 3888 1143 3950 per
1159 3868 1286 3932 multos
1338 3908 1344 3922 ·

337 3965 409 4030 dies
431 3975 585 4033 castrum
606 3969 850 4045 defendissent,
865 3969 1012 4033 neforto
1034 3968 1140 4049 longa
1162 3969 1286 4032 obsidi-

337 4086 402 4130 one
419 4067 564 4133 deficere
581 4076 798 4152 cogerentur,
814 4068 981 4135 miserunt
994 4069 1038 4132 ad
1055 4067 1211 4144 Sacrum,
1227 4088 1285 4133 co-

336 4167 453 4231 mitem
474 4169 762 4247 Wintoniensem,
791 4170 849 4252 qui
876 4176 957 4234 tunc
986 4168 1175 4234 Londoniis
1200 4176 1286 4247 erat,
