<?xml version="1.0" encoding="UTF-8"?>
<!DOCTYPE html PUBLIC "-//W3C//DTD XHTML 1.0 Transitional//EN"
    "http://www.w3.org/TR/xhtml1/DTD/xhtml1-transitional.dtd">
<html xmlns="http://www.w3.org/1999/xhtml" xml:lang="en" lang="en">
 <head>
  <title>
</title>
<meta http-equiv="Content-Type" content="text/html;charset=utf-8" />
  <meta name='ocr-system' content='tesseract 3.04.00' />
  <meta name='ocr-capabilities' content='ocr_page ocr_carea ocr_par ocr_line ocrx_word'/>
</head>
<body>
  <div class='ocr_page' id='page_1' title='image "./rogeridewendove03rogegoog_0200.png"; bbox 0 0 2864 4866; ppageno 0'>
   <div class='ocr_carea' id='block_1_1' title="bbox 452 388 1137 454">
    <p class='ocr_par' dir='ltr' id='par_1_1' title="bbox 452 388 1137 454">
     <span class='ocr_line' id='line_1_1' title="bbox 452 388 1137 454; baseline 0.009 -7"><span class='ocrx_word' id='word_1_1' title='bbox 452 401 592 449; x_wconf 81' lang='lat' dir='ltr'><strong>rnonns</strong></span> <span class='ocrx_word' id='word_1_2' title='bbox 615 402 886 454; x_wconf 76' lang='lat' dir='ltr'><strong>nrsronrnnuu.</strong></span> <span class='ocrx_word' id='word_1_3' title='bbox 1071 388 1137 453; x_wconf 87' lang='grc'><strong>189</strong></span> 
     </span>
    </p>
   </div>
   <div class='ocr_carea' id='block_1_2' title="bbox 186 555 1273 1934">
    <p class='ocr_par' dir='ltr' id='par_1_2' title="bbox 188 555 1273 1040">
     <span class='ocr_line' id='line_1_2' title="bbox 189 555 1273 642; baseline 0.01 -24"><span class='ocrx_word' id='word_1_4' title='bbox 189 555 273 636; x_wconf 91' lang='lat' dir='ltr'><strong>pulo</strong></span> <span class='ocrx_word' id='word_1_5' title='bbox 297 577 374 635; x_wconf 91' lang='lat' dir='ltr'><strong>suo,</strong></span> <span class='ocrx_word' id='word_1_6' title='bbox 391 561 451 642; x_wconf 93' lang='lat' dir='ltr'><strong>qui</strong></span> <span class='ocrx_word' id='word_1_7' title='bbox 477 561 612 626; x_wconf 87' lang='lat' dir='ltr'><strong>exaltat</strong></span> <span class='ocrx_word' id='word_1_8' title='bbox 632 570 833 627; x_wconf 88' lang='lat' dir='ltr'><strong>mansuetos</strong></span> <span class='ocrx_word' id='word_1_9' title='bbox 855 563 891 625; x_wconf 89' lang='lat' dir='ltr'><strong>in</strong></span> <span class='ocrx_word' id='word_1_10' title='bbox 913 563 1073 640; x_wconf 86' lang='lat' dir='ltr'><strong>salutem,</strong></span> <span class='ocrx_word' id='word_1_11' title='bbox 1097 570 1137 628; x_wconf 90' lang='lat' dir='ltr'><strong>ut</strong></span> <span class='ocrx_word' id='word_1_12' title='bbox 1150 575 1205 616; x_wconf 66' lang='lat' dir='ltr'><strong>w·</strong></span> <span class='ocrx_word' id='word_1_13' title='bbox 1216 577 1273 615; x_wconf 82' lang='lat'><strong>¹²²⁹·</strong></span> 
     </span>
     <span class='ocr_line' id='line_1_3' title="bbox 189 654 1134 727; baseline 0.011 -11"><span class='ocrx_word' id='word_1_14' title='bbox 189 654 318 720; x_wconf 82' lang='lat' dir='ltr'><strong>laceret</strong></span> <span class='ocrx_word' id='word_1_15' title='bbox 341 659 528 724; x_wconf 87' lang='lat' dir='ltr'><strong>vindictam</strong></span> <span class='ocrx_word' id='word_1_16' title='bbox 552 663 587 724; x_wconf 94' lang='lat' dir='ltr'><strong>in</strong></span> <span class='ocrx_word' id='word_1_17' title='bbox 619 662 817 725; x_wconf 89' lang='lat' dir='ltr'><strong>nationibus</strong></span> <span class='ocrx_word' id='word_1_18' title='bbox 845 670 881 726; x_wconf 91' lang='lat' dir='ltr'><strong>et</strong></span> <span class='ocrx_word' id='word_1_19' title='bbox 903 662 1134 727; x_wconf 82' lang='lat' dir='ltr'><strong>dissensiones</strong></span> 
     </span>
     <span class='ocr_line' id='line_1_4' title="bbox 188 753 1135 836; baseline 0.011 -20"><span class='ocrx_word' id='word_1_20' title='bbox 188 753 401 836; x_wconf 89' lang='lat' dir='ltr'><strong>ingentibus</strong></span> <span class='ocrx_word' id='word_1_21' title='bbox 417 758 610 824; x_wconf 82' lang='lat' dir='ltr'><strong>Saracenis.</strong></span> <span class='ocrx_word' id='word_1_22' title='bbox 664 762 750 825; x_wconf 83' lang='lat' dir='ltr'><strong>Erat</strong></span> <span class='ocrx_word' id='word_1_23' title='bbox 765 761 856 824; x_wconf 89' lang='lat' dir='ltr'><strong>enim</strong></span> <span class='ocrx_word' id='word_1_24' title='bbox 871 762 908 824; x_wconf 93' lang='lat' dir='ltr'><strong>in</strong></span> <span class='ocrx_word' id='word_1_25' title='bbox 922 762 1042 826; x_wconf 91' lang='lat' dir='ltr'><strong>diebus</strong></span> <span class='ocrx_word' id='word_1_26' title='bbox 1057 763 1135 826; x_wconf 90' lang='lat' dir='ltr'><strong>istis</strong></span> 
     </span>
     <span class='ocr_line' id='line_1_5' title="bbox 188 853 1135 944; baseline 0.008 -27"><span class='ocrx_word' id='word_1_27' title='bbox 188 853 361 920; x_wconf 87' lang='lat' dir='ltr'><strong>Soldanus</strong></span> <span class='ocrx_word' id='word_1_28' title='bbox 385 858 588 941; x_wconf 77' lang='lat' dir='ltr'><strong>Babyloniae</strong></span> <span class='ocrx_word' id='word_1_29' title='bbox 612 860 808 924; x_wconf 87' lang='lat' dir='ltr'><strong>domesticis</strong></span> <span class='ocrx_word' id='word_1_30' title='bbox 829 862 980 944; x_wconf 88' lang='lat' dir='ltr'><strong>undique</strong></span> <span class='ocrx_word' id='word_1_31' title='bbox 1006 861 1135 944; x_wconf 88' lang='lat' dir='ltr'><strong>praeliis</strong></span> 
     </span>
     <span class='ocr_line' id='line_1_6' title="bbox 188 957 1136 1040; baseline 0.008 -23"><span class='ocrx_word' id='word_1_32' title='bbox 188 961 260 1017; x_wconf 84' lang='lat' dir='ltr'><strong>tam</strong></span> <span class='ocrx_word' id='word_1_33' title='bbox 279 957 433 1036; x_wconf 87' lang='lat' dir='ltr'><strong>graviter</strong></span> <span class='ocrx_word' id='word_1_34' title='bbox 454 978 653 1040; x_wconf 91' lang='lat' dir='ltr'><strong>oppressus,</strong></span> <span class='ocrx_word' id='word_1_35' title='bbox 676 959 781 1040; x_wconf 91' lang='lat' dir='ltr'><strong>quod,</strong></span> <span class='ocrx_word' id='word_1_36' title='bbox 801 979 844 1024; x_wconf 88' lang='lat' dir='ltr'><strong>ue</strong></span> <span class='ocrx_word' id='word_1_37' title='bbox 867 962 980 1024; x_wconf 90' lang='lat' dir='ltr'><strong>minus</strong></span> <span class='ocrx_word' id='word_1_38' title='bbox 1004 959 1136 1024; x_wconf 86' lang='lat' dir='ltr'><strong>suffice-</strong></span> 
     </span>
    </p>

    <p class='ocr_par' dir='ltr' id='par_1_3' title="bbox 187 1054 1136 1440">
     <span class='ocr_line' id='line_1_7' title="bbox 189 1054 1136 1142; baseline 0.01 -27"><span class='ocrx_word' id='word_1_39' title='bbox 189 1060 242 1116; x_wconf 87' lang='lat' dir='ltr'><strong>ret</strong></span> <span class='ocrx_word' id='word_1_40' title='bbox 261 1054 305 1117; x_wconf 90' lang='lat' dir='ltr'><strong>ad</strong></span> <span class='ocrx_word' id='word_1_41' title='bbox 325 1055 437 1137; x_wconf 89' lang='lat' dir='ltr'><strong>plura,</strong></span> <span class='ocrx_word' id='word_1_42' title='bbox 457 1066 599 1122; x_wconf 91' lang='lat' dir='ltr'><strong>coactus</strong></span> <span class='ocrx_word' id='word_1_43' title='bbox 624 1066 678 1122; x_wconf 89' lang='lat' dir='ltr'><strong>est</strong></span> <span class='ocrx_word' id='word_1_44' title='bbox 701 1078 779 1122; x_wconf 91' lang='lat' dir='ltr'><strong>cum</strong></span> <span class='ocrx_word' id='word_1_45' title='bbox 799 1058 1007 1142; x_wconf 82' lang='lat' dir='ltr'><strong>imperatore</strong></span> <span class='ocrx_word' id='word_1_46' title='bbox 1028 1060 1136 1124; x_wconf 88' lang='lat' dir='ltr'><strong>medi-</strong></span> 
     </span>
     <span class='ocr_line' id='line_1_8' title="bbox 187 1148 1135 1241; baseline 0.007 -26"><span class='ocrx_word' id='word_1_47' title='bbox 187 1153 327 1216; x_wconf 88' lang='lat' dir='ltr'><strong>antibus</strong></span> <span class='ocrx_word' id='word_1_48' title='bbox 345 1148 495 1238; x_wconf 80' lang='lat' dir='ltr'><strong>&#39;treugis</strong></span> <span class='ocrx_word' id='word_1_49' title='bbox 511 1157 755 1221; x_wconf 86' lang='lat' dir='ltr'><strong>decennalibus</strong></span> <span class='ocrx_word' id='word_1_50' title='bbox 774 1177 990 1241; x_wconf 90' lang='lat' dir='ltr'><strong>componere,</strong></span> <span class='ocrx_word' id='word_1_51' title='bbox 1010 1180 1051 1224; x_wconf 90' lang='lat' dir='ltr'><strong>ac</strong></span> <span class='ocrx_word' id='word_1_52' title='bbox 1067 1168 1135 1224; x_wconf 90' lang='lat' dir='ltr'><strong>ter-</strong></span> 
     </span>
     <span class='ocr_line' id='line_1_9' title="bbox 187 1258 1134 1340; baseline 0.007 -25"><span class='ocrx_word' id='word_1_53' title='bbox 187 1271 262 1314; x_wconf 92' lang='lat' dir='ltr'><strong>ram</strong></span> <span class='ocrx_word' id='word_1_54' title='bbox 301 1263 457 1319; x_wconf 89' lang='lat' dir='ltr'><strong>sanctam</strong></span> <span class='ocrx_word' id='word_1_55' title='bbox 490 1258 621 1339; x_wconf 90' lang='lat' dir='ltr'><strong>populo</strong></span> <span class='ocrx_word' id='word_1_56' title='bbox 654 1259 729 1321; x_wconf 91' lang='lat' dir='ltr'><strong>sine</strong></span> <span class='ocrx_word' id='word_1_57' title='bbox 760 1260 939 1340; x_wconf 89' lang='lat' dir='ltr'><strong>sanguinis</strong></span> <span class='ocrx_word' id='word_1_58' title='bbox 970 1259 1134 1322; x_wconf 89' lang='lat' dir='ltr'><strong>effusione</strong></span> 
     </span>
     <span class='ocr_line' id='line_1_10' title="bbox 187 1351 1134 1440; baseline 0.008 -26"><span class='ocrx_word' id='word_1_59' title='bbox 187 1351 329 1416; x_wconf 87' lang='lat' dir='ltr'><strong>reddere</strong></span> <span class='ocrx_word' id='word_1_60' title='bbox 347 1353 557 1421; x_wconf 87' lang='lat' dir='ltr'><strong>Christiano.</strong></span> <span class='ocrx_word' id='word_1_61' title='bbox 602 1357 727 1440; x_wconf 89' lang='lat' dir='ltr'><strong>Sicque</strong></span> <span class='ocrx_word' id='word_1_62' title='bbox 744 1359 887 1421; x_wconf 90' lang='lat' dir='ltr'><strong>missum</strong></span> <span class='ocrx_word' id='word_1_63' title='bbox 904 1366 958 1422; x_wconf 90' lang='lat' dir='ltr'><strong>est</strong></span> <span class='ocrx_word' id='word_1_64' title='bbox 974 1379 996 1422; x_wconf 91' lang='lat' dir='ltr'><strong>a</strong></span> <span class='ocrx_word' id='word_1_65' title='bbox 1012 1360 1134 1423; x_wconf 90' lang='lat' dir='ltr'><strong>Domi-</strong></span> 
     </span>
    </p>

    <p class='ocr_par' dir='ltr' id='par_1_4' title="bbox 186 1453 1215 1934">
     <span class='ocr_line' id='line_1_11' title="bbox 188 1453 1133 1540; baseline 0.008 -27"><span class='ocrx_word' id='word_1_66' title='bbox 188 1470 233 1514; x_wconf 92' lang='lat' dir='ltr'><strong>no</strong></span> <span class='ocrx_word' id='word_1_67' title='bbox 251 1453 380 1516; x_wconf 90' lang='lat' dir='ltr'><strong>bellum</strong></span> <span class='ocrx_word' id='word_1_68' title='bbox 402 1455 543 1533; x_wconf 89' lang='lat' dir='ltr'><strong>bonum,</strong></span> <span class='ocrx_word' id='word_1_69' title='bbox 561 1465 601 1520; x_wconf 93' lang='lat' dir='ltr'><strong>ut</strong></span> <span class='ocrx_word' id='word_1_70' title='bbox 615 1464 832 1539; x_wconf 86' lang='lat' dir='ltr'><strong>rumperetur</strong></span> <span class='ocrx_word' id='word_1_71' title='bbox 848 1477 919 1540; x_wconf 81' lang='lat' dir='ltr'><strong>pax</strong></span> <span class='ocrx_word' id='word_1_72' title='bbox 936 1458 1050 1538; x_wconf 81' lang='lat' dir='ltr'><strong>mala3</strong></span> <span class='ocrx_word' id='word_1_73' title='bbox 1073 1453 1133 1520; x_wconf 80' lang='lat' dir='ltr'><strong>sed</strong></span> 
     </span>
     <span class='ocr_line' id='line_1_12' title="bbox 188 1550 1134 1638; baseline 0.007 -25"><span class='ocrx_word' id='word_1_74' title='bbox 188 1550 293 1635; x_wconf 89' lang='lat' dir='ltr'><strong>hujus</strong></span> <span class='ocrx_word' id='word_1_75' title='bbox 315 1554 439 1634; x_wconf 87' lang='lat' dir='ltr'><strong>gratiae</strong></span> <span class='ocrx_word' id='word_1_76' title='bbox 464 1555 591 1619; x_wconf 85' lang='lat' dir='ltr'><strong>divinae</strong></span> <span class='ocrx_word' id='word_1_77' title='bbox 614 1556 828 1634; x_wconf 88' lang='lat' dir='ltr'><strong>beneficium,</strong></span> <span class='ocrx_word' id='word_1_78' title='bbox 852 1565 891 1622; x_wconf 91' lang='lat' dir='ltr'><strong>ut</strong></span> <span class='ocrx_word' id='word_1_79' title='bbox 912 1557 1042 1638; x_wconf 89' lang='lat' dir='ltr'><strong>legenti</strong></span> <span class='ocrx_word' id='word_1_80' title='bbox 1065 1556 1134 1620; x_wconf 89' lang='lat' dir='ltr'><strong>cla-</strong></span> 
     </span>
     <span class='ocr_line' id='line_1_13' title="bbox 187 1651 1215 1739; baseline 0.007 -26"><span class='ocrx_word' id='word_1_81' title='bbox 187 1651 259 1714; x_wconf 90' lang='lat' dir='ltr'><strong>rius</strong></span> <span class='ocrx_word' id='word_1_82' title='bbox 278 1651 470 1734; x_wconf 88' lang='lat' dir='ltr'><strong>illucescat,</strong></span> <span class='ocrx_word' id='word_1_83' title='bbox 487 1656 607 1720; x_wconf 86' lang='lat' dir='ltr'><strong>literas</strong></span> <span class='ocrx_word' id='word_1_84' title='bbox 628 1657 724 1738; x_wconf 89' lang='lat' dir='ltr'><strong>legat</strong></span> <span class='ocrx_word' id='word_1_85' title='bbox 741 1656 891 1721; x_wconf 88' lang='lat' dir='ltr'><strong>Romani</strong></span> <span class='ocrx_word' id='word_1_86' title='bbox 916 1657 1134 1739; x_wconf 89' lang='lat' dir='ltr'><strong>imperatoris</strong></span> <span class='ocrx_word' id='word_1_87' title='bbox 1210 1678 1215 1686; x_wconf 96' lang='lat'><em>·</em></span> 
     </span>
     <span class='ocr_line' id='line_1_14' title="bbox 187 1753 1134 1840; baseline 0.008 -27"><span class='ocrx_word' id='word_1_88' title='bbox 187 1769 273 1815; x_wconf 92' lang='lat' dir='ltr'><strong>auro</strong></span> <span class='ocrx_word' id='word_1_89' title='bbox 295 1753 460 1831; x_wconf 87' lang='lat' dir='ltr'><strong>bullatus,</strong></span> <span class='ocrx_word' id='word_1_90' title='bbox 475 1775 562 1838; x_wconf 89' lang='lat' dir='ltr'><strong>quas</strong></span> <span class='ocrx_word' id='word_1_91' title='bbox 583 1754 737 1821; x_wconf 87' lang='lat' dir='ltr'><strong>Henrico</strong></span> <span class='ocrx_word' id='word_1_92' title='bbox 755 1754 895 1840; x_wconf 83' lang='lat' dir='ltr'><strong>Angliee</strong></span> <span class='ocrx_word' id='word_1_93' title='bbox 915 1757 990 1838; x_wconf 89' lang='lat' dir='ltr'><strong>regi</strong></span> <span class='ocrx_word' id='word_1_94' title='bbox 1006 1757 1042 1820; x_wconf 93' lang='lat' dir='ltr'><strong>in</strong></span> <span class='ocrx_word' id='word_1_95' title='bbox 1059 1756 1134 1821; x_wconf 90' lang='lat' dir='ltr'><strong>haec</strong></span> 
     </span>
     <span class='ocr_line' id='line_1_15' title="bbox 186 1852 457 1934; baseline 0.015 -20"><span class='ocrx_word' id='word_1_96' title='bbox 186 1852 294 1916; x_wconf 88' lang='lat' dir='ltr'><strong>verba</strong></span> <span class='ocrx_word' id='word_1_97' title='bbox 309 1852 457 1934; x_wconf 81' lang='lat' dir='ltr'><strong>direxit3</strong></span> 
     </span>
    </p>
   </div>
   <div class='ocr_carea' id='block_1_3' title="bbox 186 2049 1289 2258">
    <p class='ocr_par' dir='ltr' id='par_1_5' title="bbox 186 2049 1289 2258">
     <span class='ocr_line' id='line_1_16' title="bbox 186 2049 1132 2153; baseline -0.004 -35"><span class='ocrx_word' id='word_1_98' title='bbox 186 2049 331 2153; x_wconf 60' lang='lat' dir='ltr'><strong>Itz&#39;pt&#39;rtela</strong></span> <span class='ocrx_word' id='word_1_99' title='bbox 344 2052 543 2137; x_wconf 64' lang='lat' dir='ltr'><strong>inperatoris</strong></span> <span class='ocrx_word' id='word_1_100' title='bbox 556 2053 603 2118; x_wconf 84' lang='lat' dir='ltr'><strong>ad</strong></span> <span class='ocrx_word' id='word_1_101' title='bbox 614 2073 713 2139; x_wconf 74' lang='lat' dir='ltr'><strong>repon</strong></span> <span class='ocrx_word' id='word_1_102' title='bbox 724 2051 898 2138; x_wconf 70' lang='lat' dir='ltr'><strong>Anplomm</strong></span> <span class='ocrx_word' id='word_1_103' title='bbox 907 2051 945 2115; x_wconf 74' lang='lat' dir='ltr'><strong>de</strong></span> <span class='ocrx_word' id='word_1_104' title='bbox 951 2051 1132 2136; x_wconf 66' lang='lat' dir='ltr'><strong>premissis.</strong></span> 
     </span>
     <span class='ocr_line' id='line_1_17' title="bbox 230 2176 1289 2258; baseline -0.004 -18"><span class='ocrx_word' id='word_1_105' title='bbox 230 2176 468 2255; x_wconf 90' lang='lat' dir='ltr'><strong>‘Fredericus,</strong></span> <span class='ocrx_word' id='word_1_106' title='bbox 478 2177 544 2240; x_wconf 91' lang='lat' dir='ltr'><strong>Dei</strong></span> <span class='ocrx_word' id='word_1_107' title='bbox 555 2178 670 2258; x_wconf 85' lang='lat' dir='ltr'><strong>gratia</strong></span> <span class='ocrx_word' id='word_1_108' title='bbox 684 2176 921 2240; x_wconf 88' lang='lat' dir='ltr'><strong>Romanorum</strong></span> <span class='ocrx_word' id='word_1_109' title='bbox 933 2176 1134 2258; x_wconf 89' lang='lat' dir='ltr'><strong>imperator,</strong></span> <span class='ocrx_word' id='word_1_110' title='bbox 1146 2188 1188 2228; x_wconf 69' lang='lat'><strong>111·</strong></span> <span class='ocrx_word' id='word_1_111' title='bbox 1196 2189 1289 2229; x_wconf 71' lang='lat' dir='ltr'><strong>lettere</strong></span> 
     </span>
    </p>
   </div>
   <div class='ocr_carea' id='block_1_4' title="bbox 186 2275 1133 2458">
    <p class='ocr_par' dir='ltr' id='par_1_6' title="bbox 186 2275 1133 2458">
     <span class='ocr_line' id='line_1_18' title="bbox 187 2275 1133 2359; baseline 0 -20"><span class='ocrx_word' id='word_1_112' title='bbox 187 2295 323 2359; x_wconf 87' lang='lat' dir='ltr'><strong>semper</strong></span> <span class='ocrx_word' id='word_1_113' title='bbox 344 2285 526 2359; x_wconf 79' lang='lat' dir='ltr'><strong>augustae,</strong></span> <span class='ocrx_word' id='word_1_114' title='bbox 546 2276 766 2341; x_wconf 90' lang='lat' dir='ltr'><strong>Hierusalem</strong></span> <span class='ocrx_word' id='word_1_115' title='bbox 785 2284 820 2341; x_wconf 88' lang='lat' dir='ltr'><strong>et</strong></span> <span class='ocrx_word' id='word_1_116' title='bbox 835 2275 962 2339; x_wconf 88' lang='lat' dir='ltr'><strong>Siciliae</strong></span> <span class='ocrx_word' id='word_1_117' title='bbox 985 2295 1060 2352; x_wconf 85' lang='lat' dir='ltr'><strong>rex,</strong></span> <span class='ocrx_word' id='word_1_118' title='bbox 1078 2295 1133 2339; x_wconf 93' lang='lat' dir='ltr'><strong>ca-</strong></span> 
     </span>
     <span class='ocr_line' id='line_1_19' title="bbox 186 2374 1132 2458; baseline -0.001 -18"><span class='ocrx_word' id='word_1_119' title='bbox 186 2376 323 2440; x_wconf 87' lang='lat' dir='ltr'><strong>rissimo</strong></span> <span class='ocrx_word' id='word_1_120' title='bbox 337 2378 449 2458; x_wconf 80' lang='lat' dir='ltr'><strong>amico</strong></span> <span class='ocrx_word' id='word_1_121' title='bbox 465 2397 529 2441; x_wconf 91' lang='lat' dir='ltr'><strong>suo</strong></span> <span class='ocrx_word' id='word_1_122' title='bbox 544 2377 711 2452; x_wconf 89' lang='lat' dir='ltr'><strong>Henrico,</strong></span> <span class='ocrx_word' id='word_1_123' title='bbox 725 2374 921 2458; x_wconf 90' lang='lat' dir='ltr'><strong>Anglorum</strong></span> <span class='ocrx_word' id='word_1_124' title='bbox 938 2376 1024 2457; x_wconf 87' lang='lat' dir='ltr'><strong>regi,</strong></span> <span class='ocrx_word' id='word_1_125' title='bbox 1039 2375 1132 2439; x_wconf 84' lang='lat' dir='ltr'><strong>salu·</strong></span> 
     </span>
    </p>
   </div>
   <div class='ocr_carea' id='block_1_5' title="bbox 1146 2240 1275 2289">
    <p class='ocr_par' dir='ltr' id='par_1_7' title="bbox 1146 2240 1275 2289">
     <span class='ocr_line' id='line_1_20' title="bbox 1146 2240 1275 2289; baseline 0.008 -9"><span class='ocrx_word' id='word_1_126' title='bbox 1146 2241 1221 2289; x_wconf 77' lang='lat' dir='ltr'><strong>fleury</strong></span> <span class='ocrx_word' id='word_1_127' title='bbox 1231 2240 1275 2281; x_wconf 89' lang='lat'>111.</span> 
     </span>
    </p>
   </div>
   <div class='ocr_carea' id='block_1_6' title="bbox 180 2469 1133 3853">
    <p class='ocr_par' dir='ltr' id='par_1_8' title="bbox 180 2469 1133 3853">
     <span class='ocr_line' id='line_1_21' title="bbox 186 2469 1133 2541; baseline 0.002 -3"><span class='ocrx_word' id='word_1_128' title='bbox 186 2482 255 2539; x_wconf 91' lang='lat' dir='ltr'><strong>tem</strong></span> <span class='ocrx_word' id='word_1_129' title='bbox 269 2483 304 2539; x_wconf 88' lang='lat' dir='ltr'><strong>et</strong></span> <span class='ocrx_word' id='word_1_130' title='bbox 314 2476 458 2541; x_wconf 79' lang='lat' dir='ltr'><strong>sincera·</strong></span> <span class='ocrx_word' id='word_1_131' title='bbox 471 2476 666 2541; x_wconf 90' lang='lat' dir='ltr'><strong>dilectionis</strong></span> <span class='ocrx_word' id='word_1_132' title='bbox 679 2476 851 2540; x_wconf 88' lang='lat' dir='ltr'><strong>affectum.</strong></span> <span class='ocrx_word' id='word_1_133' title='bbox 890 2469 903 2506; x_wconf 89' lang='lat'><strong>²</strong></span> <span class='ocrx_word' id='word_1_134' title='bbox 908 2477 1088 2540; x_wconf 87' lang='lat' dir='ltr'><strong>Laetentur</strong></span> <span class='ocrx_word' id='word_1_135' title='bbox 1097 2484 1133 2540; x_wconf 91' lang='lat' dir='ltr'><strong>et</strong></span> 
     </span>
     <span class='ocr_line' id='line_1_22' title="bbox 186 2576 1133 2658; baseline -0.002 -19"><span class='ocrx_word' id='word_1_136' title='bbox 186 2576 345 2640; x_wconf 84' lang='lat' dir='ltr'><strong>exultent</strong></span> <span class='ocrx_word' id='word_1_137' title='bbox 360 2596 478 2640; x_wconf 90' lang='lat' dir='ltr'><strong>omnes</strong></span> <span class='ocrx_word' id='word_1_138' title='bbox 500 2578 537 2640; x_wconf 93' lang='lat' dir='ltr'><strong>in</strong></span> <span class='ocrx_word' id='word_1_139' title='bbox 559 2577 721 2652; x_wconf 89' lang='lat' dir='ltr'><strong>Domino,</strong></span> <span class='ocrx_word' id='word_1_140' title='bbox 741 2583 777 2639; x_wconf 87' lang='lat' dir='ltr'><strong>et</strong></span> <span class='ocrx_word' id='word_1_141' title='bbox 794 2576 985 2657; x_wconf 86' lang='lat' dir='ltr'><strong>glorientur</strong></span> <span class='ocrx_word' id='word_1_142' title='bbox 1003 2577 1133 2658; x_wconf 87' lang='lat' dir='ltr'><strong>pariter</strong></span> 
     </span>
     <span class='ocr_line' id='line_1_23' title="bbox 185 2675 1133 2759; baseline -0.001 -20"><span class='ocrx_word' id='word_1_143' title='bbox 185 2677 271 2739; x_wconf 84' lang='lat' dir='ltr'><strong>recti</strong></span> <span class='ocrx_word' id='word_1_144' title='bbox 282 2676 397 2754; x_wconf 88' lang='lat' dir='ltr'><strong>corde,</strong></span> <span class='ocrx_word' id='word_1_145' title='bbox 408 2677 479 2759; x_wconf 93' lang='lat' dir='ltr'><strong>qui,</strong></span> <span class='ocrx_word' id='word_1_146' title='bbox 492 2684 533 2740; x_wconf 93' lang='lat' dir='ltr'><strong>ut</strong></span> <span class='ocrx_word' id='word_1_147' title='bbox 542 2684 661 2741; x_wconf 91' lang='lat' dir='ltr'><strong>uotam</strong></span> <span class='ocrx_word' id='word_1_148' title='bbox 674 2675 804 2739; x_wconf 83' lang='lat' dir='ltr'><strong>faceret</strong></span> <span class='ocrx_word' id='word_1_149' title='bbox 817 2675 1007 2758; x_wconf 90' lang='lat' dir='ltr'><strong>potentiam</strong></span> <span class='ocrx_word' id='word_1_150' title='bbox 1021 2695 1133 2753; x_wconf 90' lang='lat' dir='ltr'><strong>suam,</strong></span> 
     </span>
     <span class='ocr_line' id='line_1_24' title="bbox 186 2775 1133 2857; baseline 0.001 -20"><span class='ocrx_word' id='word_1_151' title='bbox 186 2794 254 2837; x_wconf 93' lang='lat' dir='ltr'><strong>nou</strong></span> <span class='ocrx_word' id='word_1_152' title='bbox 267 2776 304 2838; x_wconf 94' lang='lat' dir='ltr'><strong>in</strong></span> <span class='ocrx_word' id='word_1_153' title='bbox 319 2777 417 2857; x_wconf 88' lang='lat' dir='ltr'><strong>equis</strong></span> <span class='ocrx_word' id='word_1_154' title='bbox 429 2785 491 2841; x_wconf 88' lang='lat' dir='ltr'><strong>aut</strong></span> <span class='ocrx_word' id='word_1_155' title='bbox 500 2777 656 2840; x_wconf 90' lang='lat' dir='ltr'><strong>curribus</strong></span> <span class='ocrx_word' id='word_1_156' title='bbox 668 2775 849 2857; x_wconf 91' lang='lat' dir='ltr'><strong>gloriatur,</strong></span> <span class='ocrx_word' id='word_1_157' title='bbox 861 2795 951 2838; x_wconf 92' lang='lat' dir='ltr'><strong>nunc</strong></span> <span class='ocrx_word' id='word_1_158' title='bbox 962 2775 1057 2839; x_wconf 91' lang='lat' dir='ltr'><strong>dedit</strong></span> <span class='ocrx_word' id='word_1_159' title='bbox 1067 2777 1133 2839; x_wconf 93' lang='lat' dir='ltr'><strong>sibi</strong></span> 
     </span>
     <span class='ocr_line' id='line_1_25' title="bbox 185 2875 1133 2959; baseline 0 -21"><span class='ocrx_word' id='word_1_160' title='bbox 185 2875 332 2955; x_wconf 85' lang='lat' dir='ltr'><strong>gloriam</strong></span> <span class='ocrx_word' id='word_1_161' title='bbox 356 2876 392 2938; x_wconf 94' lang='lat' dir='ltr'><strong>in</strong></span> <span class='ocrx_word' id='word_1_162' title='bbox 418 2875 593 2959; x_wconf 87' lang='lat' dir='ltr'><strong>paucitate</strong></span> <span class='ocrx_word' id='word_1_163' title='bbox 616 2876 782 2953; x_wconf 83' lang='lat' dir='ltr'><strong>virorum,</strong></span> <span class='ocrx_word' id='word_1_164' title='bbox 807 2883 847 2938; x_wconf 91' lang='lat' dir='ltr'><strong>ut</strong></span> <span class='ocrx_word' id='word_1_165' title='bbox 865 2882 1078 2955; x_wconf 91' lang='lat' dir='ltr'><strong>cognoscant</strong></span> <span class='ocrx_word' id='word_1_166' title='bbox 1097 2882 1133 2938; x_wconf 88' lang='lat' dir='ltr'><strong>et</strong></span> 
     </span>
     <span class='ocr_line' id='line_1_26' title="bbox 183 2974 1132 3058; baseline -0.001 -21"><span class='ocrx_word' id='word_1_167' title='bbox 183 2974 381 3056; x_wconf 88' lang='lat' dir='ltr'><strong>intelligant</strong></span> <span class='ocrx_word' id='word_1_168' title='bbox 397 2995 528 3053; x_wconf 91' lang='lat' dir='ltr'><strong>omnes,</strong></span> <span class='ocrx_word' id='word_1_169' title='bbox 546 2974 639 3058; x_wconf 91' lang='lat' dir='ltr'><strong>quod</strong></span> <span class='ocrx_word' id='word_1_170' title='bbox 661 2974 736 3057; x_wconf 91' lang='lat' dir='ltr'><strong>ipse</strong></span> <span class='ocrx_word' id='word_1_171' title='bbox 759 2974 805 3037; x_wconf 92' lang='lat' dir='ltr'><strong>sit</strong></span> <span class='ocrx_word' id='word_1_172' title='bbox 819 2974 991 3056; x_wconf 88' lang='lat' dir='ltr'><strong>gloriosus</strong></span> <span class='ocrx_word' id='word_1_173' title='bbox 1008 2974 1044 3035; x_wconf 92' lang='lat' dir='ltr'><strong>in</strong></span> <span class='ocrx_word' id='word_1_174' title='bbox 1060 2993 1132 3036; x_wconf 91' lang='lat' dir='ltr'><strong>ma-</strong></span> 
     </span>
     <span class='ocr_line' id='line_1_27' title="bbox 181 3072 1130 3157; baseline -0.003 -19"><span class='ocrx_word' id='word_1_175' title='bbox 181 3074 323 3157; x_wconf 87' lang='lat' dir='ltr'><strong>jestate,</strong></span> <span class='ocrx_word' id='word_1_176' title='bbox 350 3076 512 3139; x_wconf 87' lang='lat' dir='ltr'><strong>terribilis</strong></span> <span class='ocrx_word' id='word_1_177' title='bbox 539 3075 576 3137; x_wconf 94' lang='lat' dir='ltr'><strong>in</strong></span> <span class='ocrx_word' id='word_1_178' title='bbox 607 3073 875 3154; x_wconf 88' lang='lat' dir='ltr'><strong>magnificentia,</strong></span> <span class='ocrx_word' id='word_1_179' title='bbox 901 3072 1068 3135; x_wconf 92' lang='lat' dir='ltr'><strong>mirabilis</strong></span> <span class='ocrx_word' id='word_1_180' title='bbox 1094 3074 1130 3135; x_wconf 92' lang='lat' dir='ltr'><strong>in</strong></span> 
     </span>
     <span class='ocr_line' id='line_1_28' title="bbox 184 3172 1133 3257; baseline -0.001 -21"><span class='ocrx_word' id='word_1_181' title='bbox 184 3174 337 3237; x_wconf 87' lang='lat' dir='ltr'><strong>consiliis</strong></span> <span class='ocrx_word' id='word_1_182' title='bbox 358 3194 463 3257; x_wconf 90' lang='lat' dir='ltr'><strong>super</strong></span> <span class='ocrx_word' id='word_1_183' title='bbox 479 3175 569 3238; x_wconf 91' lang='lat' dir='ltr'><strong>filios</strong></span> <span class='ocrx_word' id='word_1_184' title='bbox 587 3174 774 3249; x_wconf 91' lang='lat' dir='ltr'><strong>bominum,</strong></span> <span class='ocrx_word' id='word_1_185' title='bbox 791 3172 1050 3254; x_wconf 87' lang='lat' dir='ltr'><strong>provoluntate</strong></span> <span class='ocrx_word' id='word_1_186' title='bbox 1067 3192 1133 3235; x_wconf 91' lang='lat' dir='ltr'><strong>sua</strong></span> 
     </span>
     <span class='ocr_line' id='line_1_29' title="bbox 183 3271 1131 3354; baseline -0.004 -17"><span class='ocrx_word' id='word_1_187' title='bbox 183 3280 340 3354; x_wconf 90' lang='lat' dir='ltr'><strong>tempora</strong></span> <span class='ocrx_word' id='word_1_188' title='bbox 368 3281 506 3338; x_wconf 83' lang='lat' dir='ltr'><strong>mutans</strong></span> <span class='ocrx_word' id='word_1_189' title='bbox 533 3281 569 3337; x_wconf 89' lang='lat' dir='ltr'><strong>et</strong></span> <span class='ocrx_word' id='word_1_190' title='bbox 594 3273 808 3336; x_wconf 87' lang='lat' dir='ltr'><strong>diversarum</strong></span> <span class='ocrx_word' id='word_1_191' title='bbox 837 3271 942 3335; x_wconf 91' lang='lat' dir='ltr'><strong>corda</strong></span> <span class='ocrx_word' id='word_1_192' title='bbox 977 3272 1131 3352; x_wconf 90' lang='lat' dir='ltr'><strong>gentium</strong></span> 
     </span>
     <span class='ocr_line' id='line_1_30' title="bbox 183 3371 1131 3454; baseline -0.001 -20"><span class='ocrx_word' id='word_1_193' title='bbox 183 3372 220 3434; x_wconf 93' lang='lat' dir='ltr'><strong>in</strong></span> <span class='ocrx_word' id='word_1_194' title='bbox 239 3393 345 3436; x_wconf 91' lang='lat' dir='ltr'><strong>unum</strong></span> <span class='ocrx_word' id='word_1_195' title='bbox 369 3383 587 3450; x_wconf 88' lang='lat' dir='ltr'><strong>convertens,</strong></span> <span class='ocrx_word' id='word_1_196' title='bbox 609 3392 688 3436; x_wconf 93' lang='lat' dir='ltr'><strong>cum</strong></span> <span class='ocrx_word' id='word_1_197' title='bbox 712 3373 748 3435; x_wconf 94' lang='lat' dir='ltr'><strong>in</strong></span> <span class='ocrx_word' id='word_1_198' title='bbox 764 3373 884 3454; x_wconf 90' lang='lat' dir='ltr'><strong>paucis</strong></span> <span class='ocrx_word' id='word_1_199' title='bbox 907 3371 1028 3434; x_wconf 91' lang='lat' dir='ltr'><strong>diebus</strong></span> <span class='ocrx_word' id='word_1_200' title='bbox 1053 3371 1131 3434; x_wconf 89' lang='lat' dir='ltr'><strong>istis</strong></span> 
     </span>
     <span class='ocr_line' id='line_1_31' title="bbox 182 3470 1132 3555; baseline -0.001 -21"><span class='ocrx_word' id='word_1_201' title='bbox 182 3472 387 3536; x_wconf 88' lang='lat' dir='ltr'><strong>miraculose</strong></span> <span class='ocrx_word' id='word_1_202' title='bbox 407 3474 646 3555; x_wconf 88' lang='lat' dir='ltr'><strong>potiusquam</strong></span> <span class='ocrx_word' id='word_1_203' title='bbox 670 3471 872 3536; x_wconf 83' lang='lat' dir='ltr'><strong>fortitudine</strong></span> <span class='ocrx_word' id='word_1_204' title='bbox 891 3470 977 3534; x_wconf 93' lang='lat' dir='ltr'><strong>illud</strong></span> <span class='ocrx_word' id='word_1_205' title='bbox 997 3470 1132 3551; x_wconf 90' lang='lat' dir='ltr'><strong>negoti-</strong></span> 
     </span>
     <span class='ocr_line' id='line_1_32' title="bbox 183 3571 1133 3655; baseline -0.002 -22"><span class='ocrx_word' id='word_1_206' title='bbox 183 3589 241 3634; x_wconf 93' lang='lat' dir='ltr'><strong>um</strong></span> <span class='ocrx_word' id='word_1_207' title='bbox 257 3572 303 3636; x_wconf 90' lang='lat' dir='ltr'><strong>sit</strong></span> <span class='ocrx_word' id='word_1_208' title='bbox 316 3579 505 3654; x_wconf 85' lang='lat' dir='ltr'><strong>peractum,</strong></span> <span class='ocrx_word' id='word_1_209' title='bbox 520 3573 612 3655; x_wconf 94' lang='lat' dir='ltr'><strong>qnod</strong></span> <span class='ocrx_word' id='word_1_210' title='bbox 627 3592 649 3636; x_wconf 89' lang='lat' dir='ltr'><strong>a</strong></span> <span class='ocrx_word' id='word_1_211' title='bbox 666 3572 780 3652; x_wconf 88' lang='lat' dir='ltr'><strong>longis</strong></span> <span class='ocrx_word' id='word_1_212' title='bbox 795 3571 1008 3653; x_wconf 89' lang='lat' dir='ltr'><strong>temporibus</strong></span> <span class='ocrx_word' id='word_1_213' title='bbox 1023 3577 1133 3633; x_wconf 90' lang='lat' dir='ltr'><strong>retro·</strong></span> 
     </span>
     <span class='ocr_line' id='line_1_33' title="bbox 182 3671 1131 3754; baseline -0.003 -21"><span class='ocrx_word' id='word_1_214' title='bbox 182 3671 270 3734; x_wconf 86' lang='lat' dir='ltr'><strong>actis</strong></span> <span class='ocrx_word' id='word_1_215' title='bbox 298 3672 399 3736; x_wconf 91' lang='lat' dir='ltr'><strong>multi</strong></span> <span class='ocrx_word' id='word_1_216' title='bbox 427 3674 599 3754; x_wconf 90' lang='lat' dir='ltr'><strong>principes</strong></span> <span class='ocrx_word' id='word_1_217' title='bbox 629 3678 665 3734; x_wconf 91' lang='lat' dir='ltr'><strong>et</strong></span> <span class='ocrx_word' id='word_1_218' title='bbox 688 3672 816 3734; x_wconf 86' lang='lat' dir='ltr'><strong>diversi</strong></span> <span class='ocrx_word' id='word_1_219' title='bbox 846 3671 939 3734; x_wconf 91' lang='lat' dir='ltr'><strong>orbis</strong></span> <span class='ocrx_word' id='word_1_220' title='bbox 971 3676 1131 3752; x_wconf 90' lang='lat' dir='ltr'><strong>potentes</strong></span> 
     </span>
     <span class='ocr_line' id='line_1_34' title="bbox 180 3771 1132 3853; baseline -0.004 -19"><span class='ocrx_word' id='word_1_221' title='bbox 180 3771 218 3834; x_wconf 93' lang='lat' dir='ltr'><strong>in</strong></span> <span class='ocrx_word' id='word_1_222' title='bbox 240 3771 460 3835; x_wconf 85' lang='lat' dir='ltr'><strong>multitudine</strong></span> <span class='ocrx_word' id='word_1_223' title='bbox 485 3772 641 3853; x_wconf 90' lang='lat' dir='ltr'><strong>gentium</strong></span> <span class='ocrx_word' id='word_1_224' title='bbox 668 3790 731 3833; x_wconf 90' lang='lat' dir='ltr'><strong>nec</strong></span> <span class='ocrx_word' id='word_1_225' title='bbox 753 3791 815 3852; x_wconf 90' lang='lat' dir='ltr'><strong>per</strong></span> <span class='ocrx_word' id='word_1_226' title='bbox 838 3771 928 3833; x_wconf 86' lang='lat' dir='ltr'><strong>vires</strong></span> <span class='ocrx_word' id='word_1_227' title='bbox 948 3776 1132 3851; x_wconf 90' lang='lat' dir='ltr'><strong>quantum-</strong></span> 
     </span>
    </p>
   </div>
   <div class='ocr_carea' id='block_1_7' title="bbox 180 3941 1134 4219">
    <p class='ocr_par' dir='ltr' id='par_1_9' title="bbox 180 3941 1134 4219">
     <span class='ocr_line' id='line_1_35' title="bbox 218 3941 1134 4010; baseline -0.005 -14"><span class='ocrx_word' id='word_1_228' title='bbox 218 3948 225 3979; x_wconf 90' lang='lat'>¹</span> <span class='ocrx_word' id='word_1_229' title='bbox 238 3945 372 4010; x_wconf 74' lang='lat' dir='ltr'><strong>Treugia]</strong></span> <span class='ocrx_word' id='word_1_230' title='bbox 389 3946 444 3994; x_wconf 85' lang='lat' dir='ltr'><strong>The</strong></span> <span class='ocrx_word' id='word_1_231' title='bbox 461 3945 542 3994; x_wconf 84' lang='lat' dir='ltr'><strong>beads</strong></span> <span class='ocrx_word' id='word_1_232' title='bbox 558 3945 588 3993; x_wconf 83' lang='lat' dir='ltr'><strong>of</strong></span> <span class='ocrx_word' id='word_1_233' title='bbox 603 3945 646 3994; x_wconf 87' lang='lat' dir='ltr'><strong>the</strong></span> <span class='ocrx_word' id='word_1_234' title='bbox 705 3941 855 3993; x_wconf 71' lang='lat' dir='ltr'><strong>&#39;Loeteatur</strong></span> <span class='ocrx_word' id='word_1_235' title='bbox 867 3948 893 3992; x_wconf 86' lang='lat' dir='ltr'><strong>et</strong></span> <span class='ocrx_word' id='word_1_236' title='bbox 907 3943 1040 4005; x_wconf 65' lang='lat' dir='ltr'><strong>exuunt]</strong></span> <span class='ocrx_word' id='word_1_237' title='bbox 1058 3942 1134 3992; x_wconf 85' lang='lat' dir='ltr'><strong>Gom·</strong></span> 
     </span>
     <span class='ocr_line' id='line_1_36' title="bbox 180 4013 1134 4079; baseline -0.006 -13"><span class='ocrx_word' id='word_1_238' title='bbox 180 4015 647 4079; x_wconf 76' lang='lat' dir='ltr'><strong>beaty,witbtbenotesolGeroldus,</strong></span> <span class='ocrx_word' id='word_1_239' title='bbox 671 4030 732 4075; x_wconf 86' lang='lat' dir='ltr'><strong>pare</strong></span> <span class='ocrx_word' id='word_1_240' title='bbox 747 4014 884 4075; x_wconf 84' lang='lat' dir='ltr'><strong>Raynaldi,</strong></span> <span class='ocrx_word' id='word_1_241' title='bbox 894 4014 922 4062; x_wconf 89' lang='lat' dir='ltr'><strong>ii.</strong></span> <span class='ocrx_word' id='word_1_242' title='bbox 933 4029 960 4075; x_wconf 90' lang='lat' dir='ltr'><strong>p.</strong></span> <span class='ocrx_word' id='word_1_243' title='bbox 972 4018 1003 4073; x_wconf 74' lang='lat'><strong>⁷3</strong></span> <span class='ocrx_word' id='word_1_244' title='bbox 1021 4013 1072 4060; x_wconf 86' lang='lat' dir='ltr'><strong>and</strong></span> <span class='ocrx_word' id='word_1_245' title='bbox 1090 4013 1134 4060; x_wconf 82' lang='lat' dir='ltr'><strong>lti-</strong></span> 
     </span>
     <span class='ocr_line' id='line_1_37' title="bbox 182 4083 1134 4150; baseline -0.008 -13"><span class='ocrx_word' id='word_1_246' title='bbox 182 4086 647 4150; x_wconf 71' lang='lat' dir='ltr'><strong>pcb&#39;iarcboflerusalem,areprint-</strong></span> <span class='ocrx_word' id='word_1_247' title='bbox 670 4085 740 4133; x_wconf 81' lang='lat' dir='ltr'><strong>card.</strong></span> <span class='ocrx_word' id='word_1_248' title='bbox 759 4085 792 4133; x_wconf 88' lang='lat' dir='ltr'><strong>de</strong></span> <span class='ocrx_word' id='word_1_249' title='bbox 808 4085 835 4132; x_wconf 89' lang='lat' dir='ltr'><strong>S.</strong></span> <span class='ocrx_word' id='word_1_250' title='bbox 854 4083 976 4133; x_wconf 86' lang='lat' dir='ltr'><strong>German.</strong></span> <span class='ocrx_word' id='word_1_251' title='bbox 992 4084 1042 4131; x_wconf 88' lang='lat' dir='ltr'><strong>col.</strong></span> <span class='ocrx_word' id='word_1_252' title='bbox 1060 4086 1134 4143; x_wconf 86' lang='grc'>1011,</span> 
     </span>
     <span class='ocr_line' id='line_1_38' title="bbox 182 4153 1134 4219; baseline -0.006 -13"><span class='ocrx_word' id='word_1_253' title='bbox 182 4156 409 4219; x_wconf 76' lang='lat' dir='ltr'><strong>edbyliaynaldi,</strong></span> <span class='ocrx_word' id='word_1_254' title='bbox 420 4157 448 4205; x_wconf 90' lang='lat' dir='ltr'><strong>ii.</strong></span> <span class='ocrx_word' id='word_1_255' title='bbox 459 4170 486 4217; x_wconf 86' lang='lat' dir='ltr'><strong>p.</strong></span> <span class='ocrx_word' id='word_1_256' title='bbox 497 4159 523 4205; x_wconf 86' lang='grc'><strong>6.</strong></span> <span class='ocrx_word' id='word_1_257' title='bbox 670 4169 720 4218; x_wconf 74' lang='lat' dir='ltr'><strong>req.</strong></span> <span class='ocrx_word' id='word_1_258' title='bbox 736 4154 882 4205; x_wconf 78' lang='lat' dir='ltr'><strong>Confinuat.</strong></span> <span class='ocrx_word' id='word_1_259' title='bbox 890 4153 1030 4214; x_wconf 74' lang='lat' dir='ltr'><strong>Will.&#39;l¹yr.</strong></span> <span class='ocrx_word' id='word_1_260' title='bbox 1039 4168 1066 4214; x_wconf 90' lang='lat' dir='ltr'><strong>p.</strong></span> <span class='ocrx_word' id='word_1_261' title='bbox 1076 4155 1134 4200; x_wconf 82' lang='grc'><strong>698.</strong></span> 
     </span>
    </p>
   </div>
   <div class='ocr_carea' id='block_1_8' title="bbox 0 0 1436 4866">
    <p class='ocr_par' dir='ltr' id='par_1_10' title="bbox 0 0 1436 4866">
     <span class='ocr_line' id='line_1_39' title="bbox 0 0 1436 4866; baseline 0 2"><span class='ocrx_word' id='word_1_262' title='bbox 0 0 1436 4866; x_wconf 95' lang='lat' dir='ltr'><strong> </strong></span> 
     </span>
    </p>
   </div>
  </div>
 </body>
</html>
