2864 4866
206 599 260 638 A.D.
272 599 328 638 12³4.

206 1899 342 1938 Destruction

206 1951 231 1988 of
236 1950 273 1988 the
281 1950 321 1988 ml-

206 1999 290 2039 nistem¹

206 2054 311 2100 ΡῐθΡθῐῗΥ·

368 409 434 474 308
616 426 750 474 nocnnr
775 427 821 472 nn
846 426 1059 475 wannovnn·

368 587 442 651 tino
467 591 583 650 autem
606 585 764 668 sepultus
788 593 842 650 est
864 587 956 669 apud
984 585 1152 650 Kilkenni
1179 586 1213 649 in
1241 605 1320 649 oras

367 687 457 750 torio
474 686 620 750 fratrum
636 686 678 749 de
695 685 814 750 ordine
829 687 1017 764 Minorum,
1031 688 1091 750 ubi
1106 686 1181 769 ipse
1205 686 1318 749 adbuc

367 786 469 851 vivus
496 785 649 867 elegerat
675 786 898 868 sepulturam.
951 787 1122 850 Occubuit
1148 785 1318 868 siquidem

368 887 412 949 ob
441 904 581 949 causam
607 887 901 968 suprascriptam
932 904 1046 950 comes
1075 886 1318 962 Marescallus,

368 985 466 1048 miles
481 986 654 1066 egregius,
671 986 707 1047 in
721 985 848 1049 literali
866 986 1010 1049 scientia
1025 985 1232 1049 sufficienter
1240 1004 1322 1048 eru-1

369 1085 473 1160 ditus,
487 1085 638 1148 moribus
661 1084 822 1148 decenter
843 1092 878 1149 et
894 1086 1080 1149 virtutibus
1103 1091 1260 1163 ornatus,
1280 1086 1316 1148 in

369 1184 423 1248 die
439 1185 652 1261 Palmarum,
667 1190 707 1247 ut
722 1184 873 1266 palmam
889 1204 910 1248 a
924 1185 1076 1249 Domino
1094 1185 1267 1266 acciperet
1281 1185 1317 1248 in

368 1285 563 1348 caelestibus
582 1304 646 1365 pro
667 1283 836 1360 mercede,
856 1285 915 1367 qui
932 1285 1023 1348 inter
1038 1285 1127 1348 filios
1142 1284 1317 1348 hominurn

369 1385 456 1448 adeo
478 1384 603 1448 enituit
616 1383 725 1447 forma
748 1384 936 1467 speciosus,
959 1385 1046 1449 utin
1071 1383 1319 1466 compositione

368 1484 520 1566 corporis
552 1482 661 1566 ipsius
687 1483 763 1548 visa
795 1482 843 1547 sit
872 1491 997 1548 natura
1027 1505 1104 1549 cnm
1131 1484 1319 1548 virtutibus

368 1583 598 1649 contendisse.

425 1758 474 1821 De
490 1755 604 1822 ultione
619 1754 812 1821 oculatorum
828 1765 935 1821 contra
949 1756 1157 1822 consiliatores
1172 1759 1263 1844 rapis.

419 1881 508 1945 Haec
525 1888 653 1957 autem,
669 1880 853 1962 quaefacta
871 1889 971 1945 erant
985 1882 1027 1945 de
1043 1884 1168 1947 comite
1185 1883 1320 1948 Mares-

368 1981 457 2045 callo
480 1981 515 2044 in
540 1980 722 2057 Hibernia,
746 1981 897 2044 nondum
920 1988 1004 2045 nota
1025 1980 1164 2046 fuerunt
1185 1984 1221 2045 in
1246 1982 1320 2048 An-

368 2082 451 2163 glia,
462 2081 554 2144 unde
568 2079 765 2144 Richardus
783 2080 907 2144 Siuard
925 2101 1002 2144 cum
1019 2083 1155 2146 caeteris
1168 2083 1321 2147 exulatis

368 2182 411 2244 de
423 2180 700 2245 consiliatoribus
714 2179 818 2262 regis,
836 2200 897 2263 per
912 2201 999 2262 quos
1009 2183 1230 2246 exterminati
1245 2183 1320 2246 fue·

368 2288 460 2357 rant,
477 2280 643 2344 ultionem
661 2285 856 2362 quaerentes
878 2280 963 2344 feria
986 2289 1111 2364 quarta
1132 2281 1167 2345 in
1190 2282 1320 2347 bebdo-

369 2380 472 2444 mada
483 2379 630 2444 Paschae
641 2379 903 2443 combusserunt
914 2380 1059 2444 aedificia
1072 2381 1218 2446 Roberti
1234 2383 1320 2447 Pas-

370 2480 494 2543 selewe
511 2480 547 2542 in
562 2479 786 2543 Suaneburne
799 2498 876 2543 cum
891 2479 1048 2562 frugibus
1063 2488 1099 2545 et
1112 2483 1320 2547 animalibus

369 2586 405 2643 et
420 2579 498 2642 aliis
521 2580 622 2643 rebus
644 2579 806 2656 inventis,
830 2599 908 2662 quae
926 2578 958 2642 ei
973 2580 1140 2645 damnosa
1158 2581 1319 2664 fuerunt3

370 2685 406 2741 et
432 2684 512 2762 post
534 2678 607 2741 dies
633 2698 763 2761 paucos
789 2681 1051 2743 combusserunt
1074 2679 1198 2744 horrea
1226 2682 1321 2766 ejus·

370 2778 447 2841 dem
474 2779 621 2842 Roberti
641 2798 717 2841 cum
741 2777 898 2859 frugibus
921 2785 956 2842 et
980 2780 1082 2843 rebus
1111 2781 1188 2843 aliis
1211 2800 1320 2865 prope

370 2878 489 2941 villam
515 2877 558 2941 de
588 2877 713 2941 Stanes
737 2886 839 2940 sexto
863 2876 1030 2941 kalendas
1054 2878 1154 2943 Maii.
1215 2880 1319 2959 Item,

371 2983 473 3040 sexto
500 2995 610 3040 nonas
634 2976 728 3040 Maii.
743 2977 835 3040 inter
851 2977 1050 3059 Radingum
1074 2986 1110 3043 et
1126 2979 1320 3063 Wallinge·

370 3076 447 3140 sord
476 3074 690 3159 innquadam
715 3075 806 3139 silva
832 3084 998 3159 ceperunt
1023 3097 1086 3141 sex
1112 3081 1319 3146 summarios

371 3175 538 3258 Stephani
565 3176 607 3239 dc
634 3176 787 3258 Segrave
815 3184 988 3254 oneratos,
1018 3198 1095 3242 cum
1115 3199 1204 3262 equo
1236 3201 1320 3264 quo

369 3276 450 3339 dam
472 3275 635 3358 pretioso,
662 3282 697 3339 et
715 3277 831 3340 omnia
853 3297 940 3359 quae
954 3277 1083 3342 domini
1105 3281 1320 3360 regiserant

369 3375 574 3439 dimiserunt
589 3376 624 3438 in
644 3395 750 3457 pace3
775 3375 945 3459 Ivingebo
963 3398 1101 3460 quoque
1113 3378 1232 3444 villam
1252 3381 1338 3446 Pe-ss

369 3476 426 3552 tri,
436 3475 687 3539 Wintoniensis
708 3475 872 3558 episcopi,
890 3497 967 3540 cum
984 3477 1142 3542 domibus
1164 3486 1200 3542 et
1213 3483 1317 3546 rebus

368 3576 503 3640 cunctis
525 3575 687 3658 episcopo
709 3574 883 3640 damnosis
906 3585 1168 3642 concremarunt
1190 3588 1317 3662 quarto

366 3676 444 3738 idus
468 3675 567 3738 Maii.
620 3675 665 3739 Et
687 3675 806 3739 eodem
829 3682 985 3758 tempore
1008 3696 1167 3759 proceres
1192 3679 1319 3745 Hiber·

366 3793 491 3838 nenses
512 3775 657 3839 castella
679 3775 880 3840 Marescalli
902 3783 937 3840 et
955 3776 1038 3859 jura
1057 3775 1237 3843 Hiberniae
1260 3801 1318 3845 oc·

365 3944 434 3992 curis
458 3942 652 3992 medicinalibus
677 3943 762 4005 plagis
785 3943 831 3992 ad·
854 3947 942 3992 sancta
957 3943 1084 3994 Dominici
1096 3948 1207 4008 corporis
1224 3953 1250 3998 et
1261 3963 1319 3998 san-

365 4011 463 4071 hibitis,
481 4013 625 4074 quindecim
646 4013 747 4074 diebus,
765 4027 830 4074 quos
855 4014 958 4075 guinis.
973 4049 979 4064 .
993 4049 999 4063 .
1011 4017 1193 4079 communione,
1203 4018 1317 4068 debitum

365 4083 389 4130 ei
406 4083 480 4131 Deus
498 4083 532 4131 ad
552 4083 727 4144 poenitentiam
746 4084 831 4144 provi·
854 4082 972 4132 humanae
990 4087 1087 4132 naturae
1104 4083 1248 4150 persolvit?
1264 4089 1320 4138 An-

365 4153 440 4213 derit,
459 4153 578 4214 expletis,
595 4154 621 4201 in
640 4153 724 4202 cordis
737 4153 830 4202 contri·
853 4154 906 4203 nal.
915 4154 1025 4204 Waverl.
1037 4170 1064 4217 p.
1077 4158 1133 4207 196.

364 4223 441 4288 tione,
453 4238 563 4284 veraque
572 4222 738 4285 confessione,
745 4237 829 4272 sacro-
