2864 4866
347 397 413 467 288
604 412 739 461 nocam
763 411 810 459 nn
833 408 1040 458 wunnovrn

184 583 240 624 ΔΙ)
234 580 307 674 ¹3³
347 570 415 635 lius
434 569 549 648 simul,
567 590 671 653 quam
691 569 854 652 separati,
872 568 955 652 jura
976 575 1097 632 nostra
1117 569 1298 651 perquira-

183 635 327 784 Effigie
314 690 425 735 emus
444 678 480 735 et
494 671 726 746 defendamus,
753 688 775 733 a
789 669 915 752 quibus
935 668 1064 752 injuste
1081 668 1210 751 privati
1236 689 1298 733 su-

184 745 285 825 misul
349 789 426 835 mus
448 779 483 836 et
498 770 533 834 in
555 778 654 853 parte
676 788 758 851 mag
759 788 805 833 na
830 768 994 852 spoliati?
1057 769 1147 833 item
1169 789 1298 852 propo-

350 879 438 935 nunt
465 870 653 934 consiliarii
683 869 786 952 regis,
816 869 910 951 quod
939 889 1009 933 non
1035 868 1137 932 debet
1161 869 1297 933 Mares-

349 970 459 1034 callus
483 969 653 1034 confidere
680 969 723 1033 de
747 967 992 1033 confoederatis
1018 969 1102 1046 suis,
1128 969 1211 1051 quia
1232 989 1297 1034 rex

349 1071 423 1134 sinc
448 1070 565 1151 aliquo
587 1068 766 1153 dispendio
792 1079 894 1132 terrae
922 1087 996 1132 suae
1018 1069 1148 1151 poterit
1166 1068 1297 1133 consoe·

349 1170 487 1235 deratos
510 1169 710 1234 Marescalli
733 1169 777 1233 ab
805 1168 958 1233 amicitia
982 1187 1046 1232 sua
1072 1188 1150 1233 cum
1176 1168 1297 1234 volue-
1327 1239 1331 1249 ,

349 1271 396 1335 rit
418 1289 591 1352 separare.
643 1268 700 1334 Ad
723 1267 788 1333 hoc
809 1268 892 1333 dicit
911 1267 1151 1347 MarescalluS,
1175 1271 1297 1352 ‘quod

351 1390 455 1453 super
485 1370 550 1436 hoc
581 1389 650 1434 non
682 1369 843 1445 dubitat;
877 1367 937 1432 scd
971 1387 1017 1432 ex
1050 1368 1115 1433 hoc
1146 1370 1298 1434 maxime

350 1477 496 1553 apparet
517 1468 683 1551 iniquitas
717 1468 988 1533 consiliariorum
1022 1487 1176 1547 suorum,
1202 1471 1296 1552 quod

351 1569 467 1652 aliquo
493 1569 595 1634 modo
618 1569 771 1633 facerent
796 1588 913 1651 regem
939 1567 1154 1651 dispendium
1180 1570 1296 1634 subire

350 1688 435 1751 erga
467 1689 538 1746 cos,
564 1689 652 1752 qnos
682 1668 877 1752 specialiter
898 1675 1026 1733 vocant
1049 1669 1217 1752 capitales
1240 1671 1296 1734 in·

349 1768 480 1848 imicos‚
506 1770 543 1832 in
565 1789 677 1833 meam
702 1769 878 1853 injuriam,
901 1768 960 1851 qui
986 1786 1121 1851 semper
1144 1768 1193 1833 fui
1219 1769 1296 1854 ejus

350 1868 472 1946 fidelis,
494 1889 673 1953 quousque
692 1888 754 1952 per
774 1867 887 1952 ipsum
907 1875 1111 1946 remaneret,
1133 1875 1169 1933 et
1183 1869 1297 1935 adhuc

351 1988 473 2047 essem,
495 1970 525 2033 si
541 1968 646 2033 vellet
662 1969 745 2033 mihi
768 1975 804 2032 et
824 1969 909 2033 meis
936 1969 1056 2032 amicis
1077 1968 1217 2033 reddere
1234 1970 1297 2054 jus

350 2056 528 2133 nostrum?
594 2069 686 2134 Item
716 2069 835 2133 dicunt
861 2068 1047 2132 consiliarii
1077 2088 1170 2152 saepe
1199 2069 1296 2148 dicti,

350 2168 443 2252 quod
466 2188 559 2253 papa
584 2176 619 2233 et
638 2168 784 2233 ecclesia
810 2168 971 2232 Romana
995 2169 1192 2250 specialiter
1217 2169 1296 2234 dili·

350 2275 439 2351 gunt
459 2289 576 2351 regem
592 2276 627 2333 et
643 2288 798 2351 regnum,
814 2276 850 2333 et
864 2269 1210 2332 excommunicabunt
1223 2288 1296 2333 om·

351 2388 413 2432 nes
432 2368 508 2453 ejus
528 2368 764 2449 adversarios3
791 2374 826 2432 et
841 2368 906 2432 hoc
921 2367 1058 2433 videtur
1070 2368 1146 2452 jam
1161 2387 1236 2434 esse
1258 2371 1296 2434 in

346 2467 478 2552 januis,
494 2469 576 2550 quia
593 2467 668 2552 jam
688 2487 751 2552 pro
767 2468 884 2550 legato
898 2468 1075 2532 miserunt.
1128 2467 1202 2534 ‘Ad
1219 2469 1297 2548 hoc,

351 2567 445 2651 quod
475 2568 517 2631 de
541 2587 635 2651 papa
657 2576 692 2633 et
713 2568 859 2633 ecclesia
878 2567 1039 2631 Romana
1058 2568 1196 2648 dicitur,
1220 2570 1296 2653 pla·

351 2674 407 2732 cet
424 2666 530 2745 mihi,'
552 2665 636 2732 dicit
659 2667 899 2747 Marcscallus‚
923 2668 1041 2750 ‘quia,
1063 2670 1296 2752 quantoplus

351 2786 468 2849 regem
490 2774 526 2831 et
548 2787 691 2849 regnum
718 2767 877 2850 diligunt,
895 2773 995 2833 tanto
1018 2768 1096 2851 plus
1120 2769 1295 2834 desidera·
1341 2767 1346 2774 ”

351 2868 449 2944 bunt,
476 2866 568 2950 quod
598 2887 741 2950 regnum
768 2887 869 2931 suum
897 2873 932 2931 et
954 2868 1110 2932 subditos
1135 2889 1218 2933 suos
1241 2889 1297 2934 se·

351 2967 500 3032 cundum
529 2966 701 3051 justitiam
728 2974 928 3050 pertractet.
994 2967 1041 3030 Et
1063 2967 1177 3051 placet
1200 2969 1296 3046 mihi,

351 3067 444 3149 quod
468 3067 685 3133 adversarios
710 3067 809 3148 regni
838 3068 1123 3146 excommunicet,
1144 3069 1226 3151 quia
1246 3069 1298 3134 illi

351 3174 434 3233 sunt
451 3167 510 3250 qui
530 3173 651 3232 contra
668 3167 844 3250 justitiam
863 3166 1044 3231 consilium
1068 3167 1142 3251 regi
1163 3169 1296 3252 impen-

351 3267 450 3344 dunt,
469 3285 557 3349 quos
580 3285 686 3350 opera
713 3266 959 3347 manifestant3
988 3268 1072 3349 quia
1096 3267 1236 3351 justitia
1261 3276 1297 3333 et

351 3385 424 3449 pax
448 3367 614 3431 osculatae
640 3374 734 3444 sunt,
756 3374 791 3431 et
812 3372 954 3449 propter
974 3366 1052 3444 hoc,
1078 3367 1136 3431 ubi
1156 3367 1297 3452 justitia

351 3467 592 3550 corrumpitur,
620 3484 692 3549 pax
724 3465 881 3530 similiter
905 3466 1068 3531 violatur.
1134 3467 1224 3532 item
1255 3469 1297 3533 de

351 3565 479 3648 legato,
501 3566 616 3649 placet
634 3565 727 3649 quod
743 3565 882 3643 veniat;
912 3567 1005 3649 quia,
1026 3574 1157 3650 quanto
1179 3568 1297 3651 plures

347 3665 520 3748 justitiam
546 3672 700 3730 nostram
722 3665 905 3744 audierint,
925 3672 1025 3731 tanto
1047 3665 1152 3732 vilius
1176 3668 1299 3732 adver-

353 3764 435 3828 sarii
453 3764 603 3849 justitiae
620 3765 882 3830 confundentur.
935 3765 983 3830 Et
999 3786 1103 3844 nunc,
1118 3767 1200 3832 licet
1217 3788 1298 3850 gra-

352 3864 492 3928 vamina
507 3884 584 3929 mea
601 3866 796 3947 specialiter
815 3867 1098 3946 enumeraverim,
1111 3866 1202 3931 idem
1221 3867 1300 3934 dico

353 3963 396 4027 dc
412 3965 569 4028 omnibus
589 3966 708 4029 amicis
725 3966 810 4030 meis
828 3973 862 4030 et
876 3966 1139 4044 confoederatis3
1164 3967 1208 4031 dc
1222 3969 1301 4050 qui·

350 4064 415 4127 bus
446 4065 535 4130 sicut
562 4066 605 4130 de
634 4064 766 4152 meipso
795 4085 999 4153 conqueror,
1021 4073 1058 4134 et
1079 4066 1153 4132 sinc
1175 4068 1302 4155 quibus
