2864 4866
416 412 555 460 necans
578 413 848 464 ursronranuu.
1051 401 1116 466 173

165 569 382 651 redegerunt.
435 571 618 636 Hubertus
631 592 714 636 vero
724 572 953 657 justiciarius,
971 593 1049 638 cum
1069 577 1115 639 si·
1127 596 1250 640 1111111.

166 676 239 733 turn
265 670 333 734 loci
350 671 450 753 quasi
474 672 778 754 inexpugnabilem
798 672 1017 752 advertisset,
1033 695 1115 757 rege

165 770 411 848 consentiente,
439 771 547 856 jussit
578 773 625 835 ibi
649 772 829 837 castellum
858 773 1006 855 firmari;
1042 775 1115 852 sed,

166 877 349 952 antequam
374 890 461 953 opus
486 872 662 956 inceptum
683 872 727 935 ad
751 873 994 956 perfectionem
1021 876 1115 939 veni·

165 976 229 1046 ret,
255 971 355 1034 multi
381 972 542 1053 utrinque
563 971 735 1035 interfecti
759 980 852 1051 sunt,
875 981 910 1038 et
923 975 977 1039 vir
991 975 1115 1054 nobilis

165 1068 361 1133 Willelmus
388 1072 431 1134 de
458 1071 619 1149 Brausia,
641 1072 722 1135 dum
743 1073 909 1137 victualia
932 1082 1114 1156 quaereret,

166 1188 187 1232 a
202 1169 438 1238 Wallensibus
454 1179 576 1254 captus
594 1178 630 1235 et
643 1172 680 1234 in
694 1172 841 1236 vinculis
864 1181 918 1237 est
933 1173 1114 1241 abductus.

166 1269 317 1348 Quidam
333 1271 438 1334 etiam
453 1271 564 1348 mileS,
586 1291 688 1353 quem
711 1292 775 1335 rex
795 1293 904 1355 nuper
923 1274 1115 1339 donaverat

165 1370 304 1452 cingulo
322 1370 473 1448 militari,
489 1391 567 1434 cum
587 1371 665 1435 aliis
687 1370 732 1435 ad
749 1373 913 1437 victualia
928 1375 1114 1456 quaerenda

167 1470 318 1549 exierat3
342 1490 419 1534 cum
442 1472 553 1536 socios
574 1473 619 1535 ab
634 1471 790 1536 hostibus
812 1473 945 1538 videret
966 1476 1113 1556 praeclu-

167 1589 235 1648 sos,
251 1571 288 1633 in
308 1571 437 1634 medios
458 1571 576 1636 hostes
594 1572 759 1636 audacter
778 1575 946 1656 prorupit,
961 1582 1007 1652 et,
1023 1576 1114 1639 mul·

166 1671 212 1734 tis
235 1690 280 1734 ex
298 1672 517 1736 obstantibus
539 1672 766 1754 interemptis,
787 1674 862 1757 ipse
879 1675 1016 1739 tandem
1035 1695 1113 1739 cum

166 1771 371 1852 quibusdam
387 1771 464 1836 aliis
480 1772 523 1836 de
537 1773 692 1836 exercitu
714 1773 806 1855 regis
828 1774 988 1839 occubuit
1009 1775 1114 1839 inter-

164 1870 286 1936 fectus,
338 1872 448 1935 Erant
477 1879 593 1936 autem
616 1872 716 1935 multi
737 1893 782 1936 ex
805 1873 992 1958 majoribus
1014 1895 1114 1938 exer-

164 1972 252 2034 citus
269 1972 374 2053 regis,
389 1972 537 2053 quicum
555 1971 699 2036 Laelino
715 1980 814 2037 erant
827 1974 1053 2038 confoederati
1071 1994 1112 2039 ac

166 2072 239 2153 regi
256 2071 336 2135 ficte
353 2072 593 2152 adhaeserunt3
620 2072 722 2150 unde,
746 2073 924 2138 deficiente
948 2075 985 2137 in
1013 2094 1113 2138 exer·

166 2171 236 2235 citu
262 2173 355 2235 omni
382 2172 621 2236 alimentorum
648 2192 786 2254 genere,
810 2181 951 2238 coactus
973 2181 1027 2238 est
1050 2195 1114 2240 rex

165 2278 301 2354 turpem
318 2272 405 2336 inire
421 2272 651 2350 concordiam,
677 2273 712 2335 in
738 2273 803 2337 hoc
826 2275 1055 2352 consentiens
1073 2283 1113 2340 ut

166 2372 347 2436 castellum
373 2373 509 2454 magnis
534 2373 729 2455 sumptibus
756 2372 827 2438 fere
850 2374 925 2459 jam
953 2394 1112 2439 consum·

165 2480 297 2536 matum
320 2472 429 2554 ipsius
455 2473 547 2554 regis
574 2473 852 2556 complanaretur
875 2475 1048 2557 expensis,
1076 2483 1112 2540 et

167 2571 330 2636 Loelinus
357 2591 420 2654 pro
442 2571 617 2638 laboribus
643 2574 735 2654 regis
758 2583 793 2639 et
821 2575 984 2658 impensis
1012 2576 1111 2641 daret

166 2673 234 2736 tria
251 2672 359 2735 millia
374 2691 509 2736 marcas
529 2674 638 2738 eidem
654 2674 739 2755 regi,
762 2681 797 2738 et
814 2675 863 2739 sic
878 2674 1007 2739 foedere
1028 2696 1110 2741 con·

166 2772 303 2836 firmato
322 2773 560 2856 unusquisque
587 2774 631 2838 ad
654 2775 796 2858 propria
819 2783 1011 2855 remearet3
1044 2777 1111 2840 sic-

166 2892 232 2955 que
247 2892 310 2936 rex
329 2872 479 2954 Angliac,
501 2881 687 2957 postquam
708 2894 770 2956 per
792 2882 863 2938 tres
884 2874 956 2938 fere
978 2895 1112 2940 menses

165 2972 201 3036 in
216 2974 473 3037 constructione
493 2974 627 3038 castelli
649 2974 805 3056 praedicti
827 2982 1015 3058 occupatus
1037 2976 1112 3039 fue·

165 3080 221 3136 rat
242 3079 278 3136 et
300 3073 480 3155 pecuniam
507 3073 677 3138 infinitam
703 3075 869 3138 inutiliter
891 3094 1111 3157 consumpse·

165 3180 231 3246 rat,
250 3180 448 3236 remanente
465 3166 660 3238 ¹Willelmo
680 3174 723 3238 de
740 3175 887 3238 Brausia
908 3176 944 3237 in
964 3175 1111 3239 vinculis

165 3273 311 3350 Loelini,
330 3273 406 3336 viro
432 3272 550 3349 nobili,
574 3274 802 3355 ignominiose
825 3275 869 3338 ad
892 3276 1033 3358 propria
1058 3295 1113 3339 re·

163 3373 303 3437 meavit.
338 3373 384 3436 Et
396 3379 479 3436 tunc
492 3374 620 3438 multos
634 3373 820 3439 commovit
831 3376 875 3438 ad
892 3375 1010 3450 risum,
1020 3375 1112 3457 quod

163 3493 240 3536 cum
262 3472 374 3554 primo
401 3480 658 3538 construeretur
680 3475 870 3553 castellum,
892 3475 1109 3558 justiciarius

198 3659 518 3733 wilbodonem]
538 3665 569 3714 In
580 3665 622 3715 the
647 3667 753 3727 Breans,
767 3669 884 3716 baronem
901 3668 1018 3727 nobilem,
1035 3683 1110 3729 quern

164 3736 256 3787 Ohron.
268 3736 363 3786 Dunst.
375 3736 396 3784 it
406 3737 429 3785 is
438 3735 503 3796 said,
520 3735 575 3784 that
591 3737 623 3786 he
648 3736 681 3785 ad
709 3737 774 3786 festa
802 3737 939 3787 Paschalia
962 3738 1112 3787 invitaverat

161 3805 294 3857 redeemed
306 3805 409 3855 himself
420 3806 459 3855 lor
469 3805 539 3854 three
549 3806 624 3856 thou-
648 3812 706 3869 post
723 3807 885 3869 epistolarum
906 3808 1014 3870 copiam,
1035 3823 1113 3870 super

162 3877 227 3927 saud
249 3876 335 3925 marks
357 3875 407 3925 and
429 3875 471 3924 the
499 3877 578 3926 castle
599 3877 628 3926 os
649 3877 773 3926 adulterio
784 3878 949 3927 etriolatione
961 3879 1048 3927 uxoris
1056 3893 1111 3928 suae

162 3947 326 4008 Poet,which
337 3946 369 3995 he
377 3961 440 4008 gave
449 3951 475 3995 to
485 3947 624 4008 Llevvellyn
649 3961 782 4009 accusans,
807 3952 832 3996 et
859 3949 982 3997 malitiose
1004 3963 1062 3997 eum
1087 3953 1112 3998 et

128 4017 225 4076 *sarith
244 4015 284 4065 his
303 4017 429 4079 daughter
447 4017 474 4064 in
493 4018 625 4080 marriage.
649 4017 773 4066 hostiliter
791 4032 927 4079 aggressus
944 4022 992 4079 est,
1009 4024 1035 4067 et
1053 4018 1112 4068 eum

163 4085 332 4148 Hemingsord
353 4087 413 4135 thus
435 4085 564 4136 describes
586 4087 626 4136 his
651 4088 814 4136 incurrerem
833 4087 937 4136 trudens
959 4093 1037 4136 morte
1059 4094 1113 4137 tur-

162 4156 252 4207 death:
264 4156 423 4207 ‘Annovero
434 4156 550 4217 sequenti
559 4157 627 4206 Leu-
652 4158 756 4218 pissima
772 4162 798 4207 et
813 4158 909 4218 absque
930 4157 997 4206 omni
1013 4157 1113 4220 judicio

133 4229 230 4279 ilinus
263 4226 371 4275 eundern
402 4226 568 4275 willielmum
595 4226 628 4275 de
652 4222 911 4277 finaliterinteremit?
