2864 4866
345 394 410 460 112
596 410 732 460 noorai
756 411 803 458 nn
826 409 1032 458 wunnovnn

185 581 241 671 2³²,ss
242 581 308 671 1¹13²⁵-
341 567 482 652 juvenis
511 566 548 630 in
574 567 853 656 concupiscentia
883 566 1040 649 virginis
1071 574 1105 631 et
1128 565 1295 631 accedens

204 642 229 681 ⁸⁸
272 658 277 670 '
347 667 391 732 ad
418 687 494 732 eam
519 667 561 731 de
592 687 761 732 consensu
788 667 919 731 carnali
944 667 1096 750 puellam
1122 667 1295 731 convenit.

347 767 428 845 Illa,
450 775 621 845 econtra,
638 767 761 852 juveni
782 774 983 832 constanter
1004 767 1097 850 quod
1116 767 1216 849 petiit
1236 766 1296 830 de·

347 887 479 950 negans
500 867 683 932 affirmavit
700 888 739 954 se
754 856 989 950 virginitatem
1009 868 1170 932 suamab
1190 865 1296 931 aetate

347 975 466 1032 tenera
495 968 647 1033 Domino
675 987 921 1048 consecrasse3
955 977 990 1033 et
1012 973 1193 1050 praeterea,
1216 988 1294 1032 cum

346 1076 428 1133 voto
457 1087 529 1132 suae
558 1069 736 1150 religionis
762 1075 797 1131 et
824 1067 953 1131 ordinis
983 1070 1128 1133 castitas
1161 1069 1208 1131 sit
1235 1068 1296 1132 ad-

347 1187 449 1245 nexa,
464 1176 583 1233 votum
606 1168 793 1256 infringere
809 1187 885 1232 esse
906 1168 1075 1232 nefarium
1092 1169 1268 1232 asserebat
1285 1188 1294 1248 ;

347 1269 457 1332 ethis
487 1269 588 1334 dictis
614 1269 766 1345 recessit,
792 1276 831 1332 ut
851 1275 1055 1333 nocturnam
1081 1276 1219 1352 caperet
1242 1289 1296 1333 re-

348 1370 474 1451 quiem,
497 1369 556 1432 ubi
581 1369 616 1432 in
644 1369 794 1452 quodam
820 1368 968 1433 domatis
995 1369 1124 1453 angulo
1149 1375 1295 1433 mattam

348 1470 413 1533 sub
448 1488 486 1533 se
521 1489 585 1552 pro
626 1476 750 1547 stratu,
788 1476 825 1533 et
855 1489 981 1534 saxum
1020 1490 1084 1553 pro
1120 1469 1294 1547 cervicali,

343 1569 451 1654 juxta
484 1570 539 1633 sui
568 1570 698 1634 ordinis
732 1570 892 1652 rigorem,
926 1571 1033 1654 capiti
1064 1571 1293 1652 supponebat.

348 1670 449 1734 Tunc
464 1669 606 1754 juvenis
626 1670 697 1748 ille,
719 1669 870 1734 libidinis
895 1671 977 1751 igne
1002 1690 1200 1747 succensuS,
1221 1678 1294 1735 sta·

349 1771 416 1837 tuit
431 1771 690 1835 immutabiliter
709 1770 746 1834 in
765 1770 868 1835 corde
886 1791 962 1849 suo,
979 1770 1083 1854 quod,
1102 1771 1191 1834 side
1210 1771 1295 1836 libe-

348 1871 487 1936 ralitate
512 1891 534 1935 a
565 1870 682 1954 puella
709 1890 914 1936 consensum
943 1873 1098 1936 obtinere
1124 1873 1293 1955 nequiret,

348 1971 423 2056 ipse
442 1991 580 2037 cumea
601 1992 673 2036 rem
693 1979 814 2055 ageret
828 1972 1008 2050 violenter,
1035 1979 1071 2037 et
1088 1973 1228 2037 veniens
1252 1971 1295 2036 ad

348 2072 443 2136 illam
476 2074 648 2155 expressit
680 2072 711 2135 ei
745 2072 829 2155 quid
860 2071 973 2137 facere
1004 2073 1192 2155 cogitabat.
1245 2071 1296 2137 At

349 2171 492 2236 foemina
520 2173 684 2254 religiosa
711 2171 747 2234 in
775 2174 922 2255 angaria
952 2174 1076 2237 mentis
1105 2173 1296 2237 constituta

349 2274 526 2337 metuebat
555 2273 741 2356 plurimum
768 2293 813 2336 ne
845 2273 920 2357 ejus
952 2274 1086 2356 puritas
1113 2274 1294 2355 virginalis

271 2375 273 2379 ’
349 2393 412 2456 per
442 2372 599 2437 ardorem
629 2372 857 2437 adolescentis
886 2374 924 2436 in
953 2374 1068 2456 aliquo
1099 2373 1294 2451 laederetur,

349 2482 385 2539 et
413 2474 579 2539 reducens
616 2473 661 2536 ad
694 2480 843 2538 mentem
876 2473 968 2556 quod
1006 2474 1072 2538 sibi
1103 2493 1125 2536 a
1157 2474 1295 2538 diabolo

349 2574 478 2639 dictum
512 2574 636 2650 fuerat,
667 2573 759 2657 quod
789 2573 950 2640 videlicet
979 2574 1022 2636 ad
1063 2580 1184 2637 nutum
1218 2575 1294 2659 ejus

350 2673 513 2758 quicquid
551 2675 754 2756 praeciperet
787 2673 879 2739 illico
918 2673 1133 2756 adimpleret,
1170 2675 1298 2739 extulit

351 2795 470 2841 vocem
501 2781 537 2838 et
567 2775 668 2852 dixit,
699 2773 898 2851 ‘Diabole,'
931 2774 1054 2858 inquit,
1092 2775 1177 2838 ‘ubi
1208 2794 1245 2839 es
1263 2774 1295 2839 l’

350 2875 398 2939 Et
418 2875 583 2940 continuo
607 2875 742 2939 daemon
771 2874 949 2956 respondit
970 2875 1100 2952 dicens,
1123 2873 1295 2954 ‘Adsum

350 2976 499 3040 domina.
524 2974 617 3054 Quid
634 2976 697 3039 tibi
718 2975 877 3057 placetl'
929 2975 975 3038 Et
991 2975 1118 3057 puella,
1142 2975 1296 3040 ‘Libera

349 3075 427 3153 me,'
454 3077 578 3158 inquit,
605 3077 699 3140 ‘cito
723 3094 744 3138 a
770 3075 940 3139 nebulone
965 3075 1046 3152 isto,
1075 3075 1135 3158 qui
1162 3096 1216 3140 me
1243 3077 1297 3140 in-

350 3177 494 3260 quietat,
511 3195 669 3240 somnum
686 3195 809 3258 capere
827 3196 895 3240 non
912 3174 1104 3258 permittit.'
1149 3176 1196 3240 Et
1213 3196 1295 3241 con·

349 3277 447 3341 tinuo
478 3277 611 3340 daemon
642 3276 807 3360 juvenem
846 3296 908 3358 per
945 3275 1050 3358 pedes
1084 3277 1297 3355 truculenter

349 3378 517 3460 arripiens
540 3397 609 3441 non
633 3377 709 3441 sine
734 3376 875 3440 laesione
896 3376 994 3439 illum
1019 3375 1157 3457 longius
1185 3395 1206 3440 a
1231 3398 1295 3460 pu-

349 3478 417 3542 ella
450 3477 620 3560 projecit3
657 3477 776 3560 sicque
814 3483 867 3541 ter
897 3484 998 3541 nocte
1034 3476 1107 3554 illa,
1140 3476 1296 3542 daemone

348 3585 569 3659 procurante,
593 3576 719 3641 dilecta
746 3576 823 3641 Deo
851 3577 968 3660 puella
992 3577 1036 3640 ab
1067 3577 1296 3642 adolescentis

349 3677 470 3742 ardore
504 3677 651 3740 liberata
682 3678 719 3741 in
755 3678 906 3741 crastino
945 3678 1087 3741 recessit
1122 3679 1165 3742 ab
1200 3679 1296 3755 urbe,

348 3777 447 3843 salva
469 3778 535 3840 sibi
563 3777 730 3858 pudicitia
754 3777 925 3858 virginali.
993 3778 1048 3841 De
1071 3777 1135 3842 hac
1159 3798 1296 3862 quoque

347 3878 477 3960 puella,
494 3897 596 3961 quem
615 3877 717 3942 finem
739 3876 911 3954 habuerit,
929 3878 1092 3960 quoniam
1114 3878 1210 3942 nullo
1227 3888 1298 3944 tra-

349 3978 450 4043 dente
472 3978 631 4060 cognovi,
657 3997 801 4061 eaquae
828 3979 922 4041 dicta
953 3986 1036 4042 sunt
1058 3978 1125 4062 piis
1154 3979 1296 4044 auribus

315 4090 317 4093 ·
348 4087 383 4143 et
399 4080 611 4144 amatoribus
628 4077 802 4143 sufficiant
817 4079 1001 4143 castitatis.
