2864 4866
171 879 226 920 Μ).
235 879 292 918 1230.

168 931 249 977 Dolngs
258 929 281 966 ln

325 384 391 451 218
568 400 703 448 noennr
728 400 775 447 ns
798 397 1006 448 wranovun

327 631 377 694 Do
390 627 626 716 equitationibus
634 629 738 714 factis
756 628 791 692 in
803 626 953 714 pactibus
970 626 1193 691 transmarinis
1207 635 1279 710 post

668 728 832 792 discissam
848 728 938 814 coqis.
1320 722 1323 727 ⁴

382 854 468 917 Post
494 872 666 916 recessum
699 852 790 934 regis
816 851 1011 934 Anglorum
1042 871 1086 913 ex
1121 851 1278 932 partibus

169 979 303 1028 insuaue
332 952 570 1020 transmarinis
598 971 712 1015 eomes
742 952 936 1016 Cestrensis
961 958 997 1016 et
1019 951 1077 1013 alii
1107 951 1278 1032 principes

169 1030 203 1069 his
212 1030 286 1079 depu-

170 1084 224 1120 ture.

176 2873 231 2913 Δ.Ι).
243 2873 299 2912 rust.

176 2924 222 2963 Tbe
231 2924 291 2962 areb·

175 2972 250 3022 bisbop
258 2973 282 3012 ol

178 3025 307 3072 Canterbury

176 3074 258 3113 refuses
266 3077 288 3113 to

177 3134 217 3173 pay
226 3123 264 3162 the

176 3176 268 3223 rcuuge.

332 1054 463 1118 militiae
493 1053 585 1133 regis
615 1071 694 1115 curn
724 1058 798 1116 toto
831 1051 906 1136 ejus
940 1051 1095 1114 exercitu
1124 1050 1280 1113 feceruut

332 1153 580 1236 equitationem
595 1172 657 1234 per
668 1150 909 1234 Andegaviam
926 1157 961 1215 et
972 1171 1034 1232 per
1048 1150 1121 1214 dies
1135 1150 1278 1232 quinde-

332 1254 398 1316 cim
424 1272 554 1316 morarn
570 1251 725 1315 lecerunt
741 1252 776 1315 in
791 1270 844 1327 ea,
868 1258 903 1315 et
920 1257 1085 1332 ceperunt
1098 1250 1278 1314 castellum

334 1345 502 1416 Guncier¹
521 1351 874 1434 etcomplanaverunt
889 1350 987 1426 illud,
1003 1358 1038 1419 et
1052 1350 1170 1414 villam
1188 1369 1281 1412 com-

332 1455 544 1530 busserunt;
576 1448 698 1515 deinde
736 1458 901 1534 oeperunt
930 1450 1110 1514 castellum
1151 1469 1278 1513 novum

333 1572 436 1635 super
467 1551 616 1627 Sartam,
643 1558 679 1616 et
702 1550 788 1614 illud
820 1552 1058 1615 subvertentes
1083 1549 1200 1615 villam
1228 1550 1280 1612 in-

333 1652 454 1715 cendio
477 1650 715 1725 tradiderunt3
747 1651 865 1733 sicque
892 1671 970 1714 oum
995 1649 1280 1733 impretiabilibus

333 1751 453 1834 spoliis
467 1758 503 1815 et
517 1750 643 1832 praedis
656 1750 692 1812 in
707 1750 922 1814 Britanniam
941 1756 1022 1813 sunt
1035 1749 1176 1814 reversi.
1204 1749 1280 1812 Nec

333 1851 443 1916 multo
460 1857 540 1933 post
559 1849 810 1913 Normanniam
832 1848 1003 1914 hostiliter
1020 1850 1166 1932 ingressi
1182 1868 1282 1930 cepe-

334 1958 416 2015 runt
432 1951 480 2013 ibi
501 1950 681 2014 castellum
699 1949 937 2025 Punthursun,
954 1956 990 2013 et
1006 1970 1046 2013 eo
1062 1949 1282 2032 complanato

333 2051 452 2115 villam
469 2050 742 2126 combusserunt,
764 2057 800 2114 et
816 2051 946 2132 absque
968 2069 1081 2113 rerum
1103 2048 1282 2132 dispendio

334 2151 369 2213 in
388 2150 604 2215 Britanniam
624 2149 809 2213 redierunt.
862 2149 992 2212 Eodem
1011 2169 1102 2212 anno
1119 2149 1213 2213 facta
1228 2156 1282 2213 est

335 2243 488 2334 eclipsis²
500 2250 605 2326 lunoe,
614 2256 813 2314 remanente
823 2248 1101 2314 sibi-brevissima
1111 2249 1282 2325 claritate,

335 2351 435 2432 quasi
452 2369 514 2431 per
532 2350 683 2431 spatium
703 2348 808 2412 trium
826 2348 999 2426 horarum,
1015 2349 1146 2413 decimo
1161 2347 1283 2414 kalen-

335 2450 398 2512 das
429 2449 643 2525 Decembris,
675 2449 751 2530 ipsa
782 2449 866 2512 luna
897 2448 1030 2513 decima
1059 2449 1163 2513 tertia
1191 2448 1283 2513 exis-

336 2555 441 2613 tento.

365 2725 415 2789 Do
430 2723 583 2788 coactione
597 2724 729 2810 scutaqii
744 2745 808 2809 pso
823 2723 1010 2810 anpoditiono
1025 2723 1252 2787 transmarina.

388 2846 491 2912 Anno
509 2848 651 2912 Domini
674 2865 863 2913 mccxxxr.
886 2867 950 2911 rex
967 2846 1161 2929 Anglorum
1185 2847 1285 2911 Hen-

336 2948 426 3012 ricus
450 2948 494 3012 ad
515 2948 645 3012 Natale
666 2948 779 3013 tenuit
800 2949 930 3012 curiam
951 2966 1050 3012 suam
1071 2946 1163 3030 apud
1180 2947 1283 3016 Lam·

337 3048 462 3126 heiam,
485 3048 658 3125 Huberto,
683 3046 821 3130 Angliae
850 3047 1059 3132 justiciario,
1089 3048 1283 3111 necessaria

337 3149 453 3212 omnia
474 3147 655 3212 festivitati
677 3149 782 3229 regiae
810 3156 1028 3231 procurante.
1073 3144 1128 3210 Ao
1151 3146 1286 3224 deinde,

339 3249 486 3330 septimo
503 3246 671 3311 kalendas
693 3248 885 3325 Februarii,
902 3254 1137 3311 convenerunt
1154 3244 1198 3310 ad
1216 3247 1287 3310 col·

337 3347 492 3430 loquium
510 3348 602 3430 apud
621 3347 968 3412 westmonasterium
985 3367 1047 3413 rex
1066 3366 1145 3411 cum
1162 3348 1287 3429 praela-

339 3448 384 3511 tis
411 3456 446 3512 et
468 3447 546 3512 aliis
572 3448 792 3529 magnatibus
826 3446 935 3529 regni,
966 3447 1025 3510 ubi
1056 3447 1174 3528 exegit
1195 3447 1286 3510 idem

339 3567 402 3611 rex
428 3541 656 3629 ³scutagium,
678 3547 721 3611 de
743 3547 897 3629 quolibet
919 3554 1017 3611 scuto
1040 3553 1111 3610 tres
1141 3565 1288 3624 marcas,

340 3648 383 3709 ab
411 3647 580 3724 omnibns,
608 3646 667 3729 qui
697 3647 859 3710 baronias
885 3647 1060 3723 tenebant,
1088 3653 1160 3710 tam
1190 3646 1289 3709 laicis

377 3821 532 3887 ¹Guncier.]
548 3825 601 3873 The
613 3825 709 3874 reviser
719 3824 747 3873 of
755 3839 802 3873 our
861 3819 1068 3890 ³Scutugium.]
1105 3823 1222 3885 Termed,
1250 3824 1289 3872 ior

341 3892 398 3942 MS.
416 3893 463 3942 bas
480 3894 585 3944 marked
604 3894 655 3944 this
673 3894 744 3943 word
765 3894 803 3943 for
827 3888 994 3942 distinetion’s
1013 3894 1085 3954 sake,
1100 3894 1108 3920 ‘
1121 3894 1164 3942 the
1181 3897 1288 3956 soutuge

341 3965 478 4012 correction
483 3979 491 4025 ;
505 3964 547 4013 the
559 3965 656 4013 Freneh
668 3964 803 4014 translator
827 3964 856 4012 of
874 3959 985 4025 Poitou,'
1000 3962 1064 4012 after
1075 3963 1117 4011 the
1135 3959 1218 4026 king's
1236 3965 1290 4012 first

341 4033 416 4081 reads
427 4034 435 4062 ‘
445 4034 566 4083 Gonnord
575 4029 593 4095 3‘
611 4035 649 4084 iii.
661 4050 688 4095 p.
700 4038 757 4084 447.
829 4047 936 4095 passage
947 4038 973 4082 to
990 4034 1133 4095 Bretagne3
1151 4035 1209 4083 Rot.
1228 4035 1288 4096 Pip.

376 4099 510 4166 ²Eclipsis
535 4098 627 4171 luuoe.]
665 4105 802 4166 Calvisius,
832 4107 861 4152 15
874 4104 942 4153 Hen.
955 4103 1021 4164 111.;
1040 4103 1125 4166 Corte,
1137 4105 1163 4152 ii.
1176 4119 1201 4166 p.
1211 4108 1252 4154 40.

341 4171 492 4236 Chronolog.
504 4189 530 4235 p.
542 4178 600 4223 803.
