2864 4866
351 383 417 449 252
469 440 472 445 ⁴
606 400 740 448 uocum
764 400 812 447 nn
834 399 1041 448 wnunovnn

190 567 245 658 ἐῶ·
253 570 320 660 (1ξὲξέ
352 559 534 641 increpans
565 560 662 623 illum
692 560 869 637 audacter,
897 558 990 641 quod
1018 576 1137 640 pacem
1171 563 1303 621 sanctae

188 669 306 720 rusticius·
354 659 509 724 ecclesiae
534 660 738 736 violaverat,
767 660 936 742 dixitque,
962 658 1068 741 quod,
1097 657 1163 720 nisi
1190 657 1305 739 ipsum
1380 688 1384 695 ·

353 779 430 822 cum
449 759 668 824 festinatione
693 778 714 823 a
736 760 885 824 vinculis
905 759 1089 823 liberatum
1114 758 1305 821 remitteret

337 858 399 922 'ad
424 859 605 942 capellam,
628 879 651 923 a
673 879 743 943 qua
765 867 841 924 erat
863 859 1035 923 violenter
1060 856 1205 941 ejectus,
1228 858 1304 940 ipsc

354 978 473 1043 omnes
489 959 593 1045 hujus
608 960 782 1024 violentiae
801 966 960 1024 auctores
976 958 1305 1023 excommunicatio-

354 1059 409 1122 nis
431 1060 604 1124 sententia
619 1059 809 1124 innodaret.
864 1058 945 1123 ch
966 1066 1095 1136 autem,
1117 1058 1198 1122 licet
1215 1057 1306 1121 invi-

355 1165 423 1235 tus,
451 1168 584 1230 reatum
608 1179 708 1224 suum
728 1159 926 1240 intelligens
952 1159 1084 1223 remisit
1107 1157 1306 1222 Hubortum

355 1259 398 1323 ad
415 1260 598 1344 capellam,
614 1267 661 1336 et,
678 1260 737 1323 ubi
755 1266 879 1342 captus
897 1260 1012 1324 fuerat
1029 1279 1049 1323 a
1067 1258 1233 1322 militibus
1251 1277 1305 1321 ar·

354 1360 471 1438 matis,
492 1360 686 1424 restituitur
703 1361 747 1423 ab
763 1360 892 1424 eisdem
907 1361 1029 1441 quinto
1049 1358 1217 1423 kalendas
1235 1360 1305 1424 Oc·

354 1460 463 1525 tobris
482 1481 491 1540 3
517 1479 586 1545 quo
604 1460 710 1539 facto,
726 1480 788 1524 rex
806 1460 901 1524 dedit
917 1460 1176 1523 vicecomitibus
1196 1458 1307 1524 Hert·

356 1560 475 1624 sordine
501 1568 536 1625 et
560 1559 716 1625 Essexiae
745 1561 782 1624 in
810 1561 984 1624 mandatis
1011 1560 1075 1624 sub
1105 1579 1210 1642 poena
1231 1579 1306 1623 sus·

356 1660 543 1743 pensioniS,
563 1667 735 1744 quatenus
756 1662 792 1724 in
815 1661 963 1745 propriis
988 1659 1145 1743 personis
1168 1667 1203 1724 et
1227 1679 1305 1723 cnm

355 1761 514 1825 omnibus
543 1761 738 1826 bominibus
767 1761 912 1825 duorum
940 1762 1165 1825 comitatuum
1189 1761 1303 1843 capel·

353 1860 425 1924 lam
452 1862 629 1926 obsidione
648 1861 831 1939 vallarent,
854 1869 890 1925 et
910 1881 953 1924 ne
976 1860 1156 1925 Hubertus
1179 1861 1306 1925 evade-

356 1969 421 2038 ret,
438 1962 493 2026 vel
509 1982 530 2026 a
549 1981 722 2045 quoquam
738 1960 850 2026 cibum
868 1962 1052 2045 acciperet,
1070 1961 1304 2043 explorarent.

359 2059 407 2126 At
423 2062 641 2127 vicecomites
667 2063 816 2146 praefati,
837 2063 928 2126 sicut
944 2063 995 2126 eis
1021 2068 1231 2145 pracceptum
1252 2062 1307 2125 fu·

357 2169 444 2240 erat,
474 2163 517 2227 ad
545 2163 659 2226 locum
691 2165 868 2227 venientes
898 2163 1065 2245 capellam
1095 2182 1173 2226 cum
1202 2162 1305 2227 domo

357 2263 522 2346 episcopi,
543 2283 622 2347 quac
651 2283 759 2347 prope
779 2270 866 2341 erat,
887 2263 1095 2339 obsidentes,
1120 2263 1305 2328 cinxemnt

358 2363 526 2445 capellam
554 2371 589 2428 et
606 2363 719 2428 locum
741 2383 804 2448 per
825 2383 948 2446 gyrum
969 2364 1100 2428 fossato
1122 2363 1195 2427 lato
1219 2364 1313 2445 satis,

357 2468 393 2525 et
411 2463 495 2541 alto,
515 2456 755 2529 ldecernentes
771 2465 819 2528 ibi
837 2463 1070 2547 quadraginta
1091 2464 1223 2527 dierum
1245 2484 1308 2528 ex-

357 2564 475 2626 cubias
490 2565 685 2629 observare.
718 2564 764 2628 Et
779 2564 959 2629 Hubertus
973 2565 1176 2629 haecomnia
1190 2584 1309 2647 aequa·

358 2652 495 2726 nimiter
521 2663 646 2738 ferens,
672 2684 794 2748 puram
820 2665 951 2730 babens
979 2665 1238 2742 conscientiam,
1267 2672 1307 2730 nt

357 2762 506 2842 dicebat,
537 2783 678 2828 causam
709 2786 807 2830 suam
842 2765 992 2829 Domino
1020 2764 1305 2847 commendabat3

359 2883 485 2945 rogans
511 2864 645 2949 jugiter
682 2865 835 2931 divinam
871 2865 1100 2944 clementiam,
1133 2872 1305 2949 quatenus

357 2963 456 3028 illum
486 2965 530 3028 ab
557 2966 702 3029 instanti
733 2966 886 3050 periculo
915 2966 1090 3044 liberaret,
1120 2968 1211 3030 sicut
1231 2968 1306 3050 ipse

358 3084 463 3147 super
482 3066 598 3129 omnia
615 3066 778 3130 honorem
795 3067 888 3148 regis
909 3086 1045 3150 semper
1064 3067 1234 3131 dilexerat
1249 3086 1309 3131 ea·

360 3171 461 3229 tenus
486 3179 520 3230 ct
543 3166 702 3231 salutem.
755 3167 823 3231 Sed
844 3187 907 3232 rex
929 3168 1039 3251 ipsius
1062 3168 1194 3231 meritis
1218 3167 1308 3232 male

359 3266 580 3348 respondens,
600 3267 656 3330 cni
676 3274 774 3333 tanto
796 3267 963 3332 servierat
981 3267 1108 3345 studio,
1123 3268 1216 3350 quod
1233 3269 1308 3350 regi

360 3365 427 3428 soli
451 3366 517 3430 sibi
543 3366 680 3448 placere
707 3366 910 3447 sufficiebat,
940 3388 1032 3432 nnuc
1058 3369 1092 3431 in
1118 3368 1181 3431 tali
1211 3375 1309 3433 statu

360 3467 571 3531 constitutus
600 3474 665 3544 est,
697 3468 788 3551 quod
819 3488 882 3532 rex
914 3470 1072 3533 omuibus
1102 3469 1310 3550 generaliter

363 3565 549 3648 probibuit,
567 3587 610 3631 ne
631 3569 708 3650 quis
724 3588 786 3651 pro
806 3588 847 3633 eo
865 3577 1005 3651 rogaret
1014 3569 1070 3634 vel
1086 3570 1128 3633 de
1147 3568 1308 3634 Huberto

394 3791 402 3820 ¹
419 3791 603 3856 Decerneutea]
625 3793 708 3856 ‘Ubi,
728 3809 759 3843 eo
777 3809 823 3856 per
847 3798 955 3844 account
965 3795 994 3843 oi
1006 3795 1049 3845 the
1066 3797 1168 3858 pursuit
1181 3797 1232 3845 and
1248 3812 1311 3860 eap-

363 3861 531 3924 quadraginta
539 3864 594 3912 dies
605 3878 699 3913 moram
704 3863 821 3926 faciente,
846 3870 902 3915 ture
913 3865 942 3914 of
950 3865 992 3915 the
1001 3866 1078 3915 fallen
1085 3867 1223 3929 justiciarp⁷
1230 3868 1256 3916 in
1266 3869 1309 3919 the

361 3932 497 3981 comitatus
509 3933 624 3982 Essexiae
642 3935 766 3995 capellam
776 3935 822 3983 ob·
846 3935 934 3985 record
942 3937 1093 3998 concerniug
1103 3936 1154 3985 him
1162 3936 1310 3988 takensrom

359 4002 434 4064 sedit,
441 4006 466 4051 et
473 4003 506 4051 ad
514 4003 615 4052 modum
623 4005 721 4053 castelli
728 4003 823 4054 fossata
847 4005 889 4055 the
904 4007 999 4056 Patent
1014 4007 1101 4070 Rolla;
1126 4008 1229 4072 Ryrner,
1244 4009 1263 4059 i.
1281 4025 1309 4072 p.

359 4072 520 4122 circumfodit
530 4074 551 4135 ;’
570 4074 663 4124 Obron.
683 4074 777 4125 Dunat.
795 4091 821 4138 p.
834 4080 905 4128 ¹208.

359 4146 417 4195 208.
453 4143 507 4193 The
528 4145 619 4195 render
639 4146 693 4195 will
717 4146 767 4195 lind
790 4134 837 4210 ani
