2864 4866
400 447 539 496 aconas
563 448 830 498 ursaonmuuu.
1045 435 1090 500 83

137 604 209 670 dita
227 614 309 670 sunt
328 607 483 672 tonitrua
507 628 569 691 per
585 616 694 686 totam
713 610 877 690 Angliam
900 611 1087 693 generalia,
1099 626 1152 666 Ab·
1164 626 1221 668 1²22·

136 724 215 788 quae
242 707 406 771 ecclesias
437 715 474 773 et
501 709 725 773 ecclesiarum
748 718 872 788 turres,
904 710 1024 775 domos
1052 720 1088 778 et

136 805 293 884 sedificia,
316 814 509 872 castrorum
529 829 647 873 muros
664 816 699 873 et
716 811 988 893 propugnacula,
1005 812 1085 875 sub·

136 912 326 972 verterunt.
380 908 424 972 In
454 909 539 972 villa
571 929 708 992 quoque
735 930 813 992 quae
842 910 1087 977 Pilardestuna

135 1005 273 1085 dicitur,
289 1007 326 1071 in
348 1027 439 1090 pago
455 1008 704 1073 Warevvicensi
720 1011 800 1088 sita,
820 1011 921 1075 irruit
937 1019 1086 1094 tempes-

137 1112 193 1171 tas
213 1107 276 1172 illa
296 1109 334 1172 in
358 1108 513 1173 aedificiis
533 1109 714 1193 cujusdam
735 1111 867 1188 militis,
890 1113 1086 1193 opprimens

136 1224 280 1272 uxorem
317 1207 393 1292 ejus
434 1228 512 1272 cum
554 1217 634 1274 octo
672 1210 867 1275 bominibus
905 1212 1086 1294 utriusque

135 1325 253 1385 sexus,
278 1307 315 1372 in
337 1309 565 1374 admiratione
587 1309 786 1388 multorum,
811 1312 871 1394 qui
893 1331 1012 1377 casum
1034 1313 1086 1376 in-

133 1415 348 1490 spexerunt3
379 1409 502 1474 deinde
530 1417 719 1493 tempestas
751 1411 812 1475 illa
842 1412 1085 1477 debacchando

134 1506 348 1573 invalescens
373 1511 563 1574 turbariam
586 1510 759 1592 quandam
784 1512 821 1575 in
844 1513 964 1577 eadem
987 1513 1083 1590 villa,

135 1609 235 1690 aquis
251 1609 430 1692 profundis
452 1617 487 1674 et
505 1610 631 1694 palude
653 1611 902 1690 circundatum,
916 1614 1025 1695 ·quasi
1047 1613 1083 1676 iu

132 1706 204 1773 ictu
218 1710 309 1773 oculi
325 1710 412 1774 adeo
428 1711 576 1775 reddidit
589 1713 729 1789 siccam,
744 1713 848 1795 quod,
864 1732 927 1777 nec
943 1713 1083 1777 barbam

127 1827 196 1891 ,nec
212 1809 323 1874 lutum
338 1811 375 1874 in
391 1831 433 1875 ea
447 1811 655 1894 relinquenS,
677 1813 761 1877 sicci
779 1813 911 1895 lapides
932 1820 1084 1877 tantum·

134 1909 235 1974 modo
254 1919 504 1977 remanserunt.
543 1912 634 1977 Item
651 1913 687 1975 in
708 1907 843 1994 ¹vigilia
862 1921 993 1977 sanctae
1013 1913 1083 1976 Lu-

134 2010 196 2074 ciae
219 2011 365 2093 virginis
387 2019 512 2076 ventus
532 2013 716 2077 vehemens
740 2019 776 2076 et
799 2012 999 2096 repentinus
1023 2032 1082 2076 su·

133 2111 337 2191 perveniens
353 2111 526 2176 crudelius
539 2112 686 2196 praefata
703 2120 908 2195 tempestate
926 2112 1081 2189 desaevit,

133 2229 214 2277 nam
237 2211 444 2293 generaliter
462 2233 524 2296 per
547 2220 656 2277 totam
673 2211 850 2293 Angliam,
874 2214 974 2296 quasi
996 2212 1082 2277 flatu

133 2309 303 2381 diabolico
319 2313 464 2394 agitata,
482 2313 630 2378 aedilicia
649 2313 767 2391 diruit,
789 2314 952 2378 ecclesias
972 2320 1009 2377 et
1023 2332 1081 2377 ea·

134 2431 210 2474 rum
228 2419 341 2477 turres
358 2415 559 2496 prostravit,
577 2416 717 2479 arbores
733 2414 898 2478 silvarum
921 2433 1000 2477 cum
1021 2433 1083 2496 po·

134 2512 249 2577 meriis
281 2512 448 2577 radicitus
481 2514 620 2592 evulsit,
652 2515 702 2579 ita
734 2515 872 2596 quidem
902 2514 993 2596 quud
1023 2514 1083 2578 vix

132 2611 258 2696 aliquis
290 2613 452 2677 immunis
476 2615 589 2679 evasit
620 2635 641 2679 a
670 2614 770 2698 cujus
797 2635 834 2680 se
862 2614 990 2698 injuria
1012 2607 1083 2677 ²re·

133 2711 306 2778 fraenaret.

138 2866 196 2953 'Ut
210 2888 393 2975 stephanus,
410 2890 655 2976 archepiscopus
672 2891 916 2967 Cantaurianos,
932 2890 1084 2956 libertates

483 3013 504 3054 u
520 3012 587 3077 repe
600 2991 739 3077 caeperit.

182 3111 286 3178 Anno
302 3114 443 3179 Domini
466 3097 655 3180 uccx'xur.
673 3134 736 3178 rex
755 3113 929 3177 Henricus
945 3113 989 3176 ad
1007 3111 1081 3176 Na·
1095 3123 1249 3214 &pflrffigffi-on,

131 3212 202 3277 tale
229 3215 342 3279 tenuit
373 3215 504 3279 curiam
535 3233 633 3278 suam
665 3214 757 3296 apud
789 3214 975 3277 Oxoniam.
1037 3212 1083 3276 Et
1095 3224 1171 3313 gffihrge
1172 3225 1237 3313 {³32²

131 3314 361 3396 postmodum,
394 3314 431 3378 in
462 3316 595 3380 octavis
620 3313 837 3396 Epiphaniae,
867 3313 959 3395 apud
991 3312 1081 3376 Lon·
1095 3325 1193 3364 medod-

131 3413 253 3478 douias
279 3415 421 3480 veniens
457 3435 536 3479 cum
571 3415 756 3479 baronibus
790 3413 835 3476 ad
872 3413 1082 3496 colloquium

130 3514 316 3596 requisitus
343 3521 397 3579 est
422 3517 466 3579 ab
487 3515 746 3597 archiepiscopo
775 3513 1019 3578 cantuariensi
1047 3521 1082 3577 et

130 3615 351 3696 magnatibus
383 3615 473 3693 aliis,
507 3622 547 3679 ut
570 3615 748 3679 libertates
783 3620 818 3677 ct
844 3613 970 3677 liberas
1000 3632 1081 3676 con·

129 3714 341 3793 suetudines,
365 3735 428 3798 pro
453 3716 577 3798 quibus
603 3733 728 3797 guerra
754 3721 850 3778 mota
872 3713 939 3776 fuit
960 3719 1082 3777 contra

165 3913 592 3979 ¹Vigiliusuactoebucioe3]12th
620 3915 790 3976 Canterbury,
813 3915 855 3962 the
883 3913 1083 3975 particularem

130 3985 160 4034 of
165 3985 315 4038 December.
617 3986 702 4034 which
712 4000 755 4033 are
763 3984 1079 4034 anillrins'Coucil.tom.

617 4057 747 4116 ii.p.586.
774 4055 837 4104 This
848 4069 910 4116 year
920 4056 1080 4103 camealsoa

164 4123 370 4188 ’lida-euocet]
403 4129 479 4178 Paris
499 4129 590 4176 inserts
617 4125 748 4176 bullfrom
765 4126 807 4174 the
824 4140 889 4187 pope
906 4128 932 4173 to
948 4124 990 4173 tha
1006 4123 1080 4172 arch-

131 4196 190 4251 bere
201 4212 218 4246 a
228 4199 310 4251 notice
320 4197 350 4246 oi
362 4199 404 4247 the
421 4199 521 4247 oouncil
532 4197 592 4246 held
616 4195 707 4260 biebop
718 4196 747 4244 of
755 4195 836 4258 York,
847 4195 939 4257 urging
949 4194 1000 4243 bim
1011 4199 1037 4242 to
1046 4195 1081 4242 all

130 4272 157 4316 at
173 4267 271 4317 Oxiord
287 4269 322 4329 by
337 4268 380 4317 the
397 4268 548 4330 arohbisbop
566 4268 595 4317 of
617 4267 744 4329 diligence
756 4267 781 4315 in
793 4264 1049 4383 establiahing2quiet.

925 4349 941 4382 c
