2864 4866
439 405 578 455 ruonns
602 406 869 455 msronmnuu.
1063 393 1130 459 229

177 563 318 627 collatio
344 565 586 629 beneficiorum
613 567 783 649 pertinere
810 566 1011 647 dinoscitur,
1034 572 1262 653 quodamm-

178 664 290 744 magis
310 665 451 746 dignum
469 674 523 730 est
537 686 601 749 pro
617 666 816 731 confusione
839 670 964 746 notari,
982 689 1126 753 suspen-

178 764 285 828 sionis
307 766 496 830 sententias
516 766 739 845 fulminando,
763 787 806 831 ne
828 768 932 831 alicui
954 770 997 833 de
1019 791 1126 853 regno

176 863 342 928 beneficia
357 865 553 944 conferatis,
573 867 681 931 donec
694 869 846 950 quinque
864 866 1045 947 Romanis,
1063 891 1126 936 neo

177 961 258 1026 dum
276 965 415 1048 proprio
431 967 568 1031 nomine
586 968 783 1043 nominatis
800 970 905 1032 immo
922 977 1004 1033 nato
1015 970 1126 1035 Rum-

177 1060 275 1141 fredi,
299 1072 334 1129 et
356 1072 439 1130 nato
464 1068 544 1130 talis
569 1074 604 1130 et
620 1067 713 1144 talis,
736 1068 771 1129 in
798 1069 946 1150 singulis
972 1072 1125 1136 ecclesiis

175 1165 301 1228 vestris
323 1185 386 1248 per
407 1173 516 1231 totam
532 1166 696 1249 Angliam
720 1168 765 1230 sit
781 1168 970 1251 provisum,
993 1172 1125 1236 unicui-

177 1283 243 1346 que
276 1285 394 1330 eorum
422 1268 457 1331 in
487 1269 623 1332 redditu
655 1276 793 1331 centum
824 1269 1017 1351 librarum3
1054 1273 1124 1336 alia

176 1365 281 1430 etiam
313 1368 516 1448 gravamina
551 1368 805 1451 quamplurima
839 1375 910 1433 tam
954 1369 1051 1434 laicis
1088 1381 1123 1437 et

176 1467 395 1547 magnatibus
420 1469 517 1550 regni
546 1488 649 1550 super
677 1468 960 1532 advocationibus
988 1473 1060 1535 suis
1087 1481 1123 1538 et

175 1585 293 1630 eorum
315 1569 542 1652 eleemosynis
565 1570 608 1632 ab
631 1568 681 1632 eis
699 1577 733 1633 et
752 1571 1025 1636 antecessoribus
1049 1574 1123 1637 suis

175 1665 266 1729 datis
292 1668 327 1730 in
354 1688 543 1752 pauperum
573 1667 671 1750 regni
695 1671 993 1748 sustentationem,
1017 1693 1121 1754 quam

174 1765 306 1831 clericis
324 1775 359 1832 et
381 1770 459 1833 aliis
475 1770 559 1834 viris
581 1768 750 1851 religiosis
773 1770 870 1851 regni
892 1790 996 1852 super
1018 1774 1121 1837 robus

173 1873 208 1930 et
219 1868 404 1946 beneficiiS,
419 1869 608 1953 inferendo.
674 1867 750 1933 Nec
766 1870 953 1952 praemissis
967 1875 1121 1938 contenti

173 1967 215 2030 ad
238 1969 396 2032 ultimum
418 1990 440 2034 a
461 1970 594 2034 clericis
617 1970 715 2051 regni
737 1970 915 2047 beneficia,
937 1991 1014 2053 quae
1030 1973 1119 2036 obti-

172 2075 267 2146 nent,
291 2076 330 2133 ut
357 2067 404 2134 ea'
429 2069 598 2135 Romanis
625 2069 816 2147 conferant,
838 2091 907 2135 non
931 2073 1118 2137 secundum

172 2169 264 2250 quod
278 2169 390 2247 decet,
406 2170 466 2235 sed
484 2172 575 2236 sicut
591 2172 641 2235 eis
658 2172 785 2255 placet,
803 2170 937 2234 auferre
950 2172 1119 2251 volenteS,

95 2255 99 2261 ’
171 2268 206 2331 in
239 2269 289 2333 eis
322 2271 417 2334 illam
449 2272 634 2337 intendunt
664 2270 881 2354 prophetiam
918 2271 1119 2355 adimplere,

169 2368 436 2452 ‘spoliaverunt
463 2373 662 2456 AEgyptios,
690 2379 730 2436 ut
756 2372 906 2435 ditarent
936 2370 1118 2452 Hebraeos,

171 2469 431 2553 multiplicando
456 2481 594 2553 gentem
621 2491 734 2549 suam,
766 2492 835 2535 non
864 2472 1118 2553 magnificando

170 2569 361 2650 laetitiam3'
389 2572 439 2635 sio
461 2572 613 2637 dolorem
633 2573 744 2637 dolori
760 2572 859 2635 nobis
881 2578 917 2636 et
931 2572 1030 2636 vobis
1044 2593 1117 2637 onr-

170 2672 272 2736 nibus
309 2672 571 2752 accumulando,
606 2680 646 2737 ut
674 2672 797 2736 melius
824 2673 925 2736 nobis
958 2672 1117 2738 videatur

168 2773 266 2850 mori,
282 2793 386 2856 quam
401 2774 518 2838 vivere
535 2774 584 2838 sio
600 2773 767 2857 oppressi.
799 2773 900 2837 Unde
915 2772 995 2837 licet
1008 2793 1116 2855 grave

168 2873 214 2936 sit
225 2873 324 2937 nobis
344 2880 465 2938 contra
479 2874 655 2938 stimulum
672 2873 864 2950 calcitrare,
884 2879 1012 2951 tamen,
1032 2875 1115 2956 quia

169 2973 227 3055 qui
245 2974 345 3037 nimis
368 2975 535 3055 emungit,
558 2974 652 3038 elicit
668 2973 885 3055 sanguinem,
905 2992 969 3037 nos
987 2975 1115 3037 severi-

168 3080 275 3138 tatem
292 3093 410 3137 eorum
427 3075 753 3152 animadvertentes,
776 3074 835 3156 qui
855 3074 898 3137 ab
918 3072 1017 3136 initio
1037 3079 1115 3136 tan-

165 3193 270 3256 quam
295 3174 437 3239 advenae
464 3167 630 3239 ¹Romam
652 3181 735 3238 sunt
756 3173 915 3255 ingressi,
936 3192 1027 3236 nuno
1051 3193 1113 3237 au·

166 3274 234 3338 tem
250 3294 313 3339 nos
331 3295 400 3338 non
418 3281 554 3339 tantum
569 3263 740 3360 judicare,
757 3274 817 3336 sed
834 3274 939 3337 etiam
954 3273 1114 3337 condem

166 3394 260 3452 nare,
292 3375 490 3454 intendunt,
521 3376 705 3458 alligantes
739 3393 845 3439 onera
867 3372 1112 3454 importabilia,

164 3495 241 3558 quae
259 3477 374 3539 necin
396 3495 434 3540 se
456 3495 520 3540 nec
541 3477 577 3539 in
597 3495 679 3539 suos
702 3475 811 3556 digito
827 3492 965 3537 movere
978 3473 1113 3552 volunt,

165 3576 207 3639 de
226 3577 398 3640 communi
415 3575 560 3640 oonsilio
581 3575 692 3657 magis
709 3575 886 3655 elegimus
900 3573 981 3637 licet
1001 3573 1111 3650 tarde,

164 3676 335 3754 resistere,
364 3696 468 3759 quam
494 3696 613 3740 eorum
641 3673 921 3759 oppressionibus
947 3673 1111 3737 intolera-

163 3776 289 3839 bilibus
310 3777 459 3861 amplius
482 3777 662 3860 subjacere
684 3795 745 3839 seu
765 3774 887 3858 majori
903 3773 1027 3856 subjici
1041 3793 1113 3837 ser-

163 3877 276 3940 vituti.
317 3875 412 3940 Hinc
429 3884 483 3941 est
499 3877 590 3960 quod
608 3877 706 3940 vobis
725 3874 940 3950 mandamuS,
956 3873 1112 3938 districte

163 3977 368 4054 inhibenteS,
394 3984 577 4060 quatenus,
594 3996 672 4040 oum
694 3974 972 4050 nos-ecclesiam,
995 3993 1111 4055 regem

233 4186 240 4215 ¹
251 4181 373 4256 Romam]
391 4187 526 4238 Corrected
537 4188 572 4248 by
583 4203 599 4236 a
608 4186 747 4236 somewhat
757 4185 821 4235 later
832 4185 900 4235 hand
911 4178 1050 4236 ‘Romani’
