2864 4866
214 620 269 660 Ab.
280 621 336 659 12³3.

217 3118 308 3168 dragged

217 3171 271 3208 from
280 3170 317 3207 the

219 3219 272 3258 altar
280 3219 304 3256 ol
310 3229 323 3257 a

219 3269 346 3318 neighbour-

218 3320 255 3369 lng
267 3319 352 3358 churcb.

371 426 437 491 274
629 441 764 489 uocum
783 441 839 489 nu
856 441 1071 490 wurvnovun

375 601 442 665 Sed
460 600 652 679 Hubertus,
666 601 710 676 de
726 600 780 663 his
796 600 955 679 omuibus
971 600 1015 663 ab
1032 599 1151 663 amicis
1168 598 1252 677 suis,
1265 598 1326 680 qui

374 703 410 765 in
426 702 523 765 curia
536 702 628 783 regis
647 707 758 779 eraut,
779 700 1019 782 praemunitus,
1036 693 1186 764 ¹duobus
1204 699 1325 762 minis-

375 803 451 879 triS,
475 802 534 884 qui
561 802 594 865 ei
619 801 654 864 in
683 800 775 864 illius
801 801 906 865 castri
934 800 1095 882 praesidio
1115 800 1325 874 serviebant,

374 902 441 966 hoc
457 901 638 965 eonsilium
659 900 838 977 revelavit,
860 901 919 983 qui
940 901 1050 983 ipsius
1068 900 1214 964 miseriae
1228 919 1323 963 corn-

375 1003 547 1084 patientes
580 1001 727 1065 sollicite
752 1001 966 1082 cogitabant,
992 1000 1144 1083 qualiter
1177 1000 1276 1063 illum
1302 1018 1325 1062 a

375 1103 496 1166 mortis
529 1101 724 1166 discrimine
754 1101 952 1165 liberarent.
1004 1099 1231 1165 Considerata
1260 1100 1327 1180 igi-

375 1210 433 1266 tur
449 1202 614 1285 temporis
633 1201 905 1284 opportunitate,
927 1201 1174 1264 dormientibus
1190 1199 1325 1263 castelli

375 1303 588 1380 custodibus,
618 1321 708 1365 unus
739 1321 870 1378 eorum,
900 1301 1011 1365 altero
1043 1301 1261 1383 explorante,
1287 1300 1325 1362 in

376 1403 487 1485 prima
506 1404 617 1467 noctis
639 1401 751 1466 sancti
779 1401 961 1465 Michaelis
983 1401 1114 1484 vigilia,
1140 1399 1325 1483 praefatum

378 1502 575 1566 Hubertnm
603 1502 639 1564 in
670 1502 820 1565 humeris
850 1501 997 1583 arripuit
1023 1501 1266 1584 compeditum,
1289 1508 1326 1565 et

377 1596 437 1666 de²
469 1604 556 1666 turri
588 1603 676 1666 clam
706 1601 905 1666 custodibus
931 1601 1140 1665 descendens
1170 1608 1206 1665 et
1229 1601 1326 1683 pium

377 1702 507 1765 furtum
538 1702 651 1766 ferens
684 1701 903 1766 latitudinem
942 1700 1076 1765 castelli
1111 1702 1325 1784 pertransiit,

376 1803 586 1885 veniensque
609 1802 653 1865 ad
669 1802 835 1885 maj0rem
860 1807 995 1885 portam
1019 1821 1081 1883 per
1104 1802 1231 1866 ostium
1248 1802 1324 1864 exi-

377 1903 440 1978 vit,
464 1909 499 1966 et
523 1903 573 1966 sic
595 1902 768 1986 quoddam
791 1901 913 1983 ingens
933 1901 1113 1979 fossatum,
1139 1902 1221 1965 licet
1246 1921 1324 1964 cum

378 2001 591 2082 difficultate,
616 2000 861 2068 transcendens
888 2001 932 2064 ad
955 2002 1133 2065 ecclesiam
1149 2002 1242 2066 villae
1264 2020 1327 2083 pa-

378 2103 561 2167 rochialem
597 2102 743 2185 impiger
770 2102 885 2166 viator
911 2101 1121 2178 conscendit,
1153 2121 1215 2165 nec
1250 2121 1325 2164 sar-

378 2203 490 2266 cinam
528 2203 624 2284 prius
662 2202 822 2285 deposuit
852 2221 956 2285 quam
989 2201 1033 2264 ad
1071 2201 1184 2284 majus
1215 2202 1325 2266 altare

377 2302 479 2367 laetus
510 2303 679 2385 pervenit.
725 2302 749 2366 J
753 2321 879 2368 uvenes
909 2321 1004 2379 vero,
1033 2302 1093 2384 qui
1125 2300 1324 2365 Hubertnm

378 2401 621 2479 liberaverant,
640 2403 684 2466 ab
714 2421 755 2466 eo
777 2402 935 2466 recedere
958 2401 1115 2465 nolentes
1136 2421 1199 2484 pro
1221 2401 1327 2465 laude

378 2501 444 2565 sibi
465 2502 658 2565 futurorum
677 2502 885 2585 reputabant
906 2508 941 2565 et
962 2501 1117 2566 mercede
1141 2502 1272 2566 caelesti
1295 2500 1326 2564 si

378 2621 441 2682 pro
456 2603 545 2665 tanti
558 2602 624 2664 viri
641 2601 843 2666 liberatione
855 2608 1001 2666 mortem
1014 2602 1227 2667 incurrerent
1238 2610 1325 2666 tem·

377 2701 541 2782 poralem.

465 2875 553 2955 Quod
565 2874 722 2941 Habemus
737 2875 913 2941 abecedario
928 2875 1073 2943 uiolenter
1088 2886 1243 2943 estractus

645 2977 862 3042 incarceratur
876 2977 912 3040 in
927 2978 1034 3042 castell
1051 3025 1059 3041 .

428 3097 683 3180 Evigilautibus
708 3101 841 3165 interea
866 3102 1075 3180 castellanis,
1093 3122 1169 3166 cum
1187 3103 1327 3168 Huber-

378 3199 511 3261 lumin
540 3199 616 3264 loco
642 3221 712 3264 non
738 3202 915 3284 reperiunt
938 3210 1116 3281 consueto,
1134 3205 1326 3286 perturbati

379 3304 460 3360 sunt
491 3299 616 3376 valde,
638 3307 674 3364 et
704 3302 907 3365 catervatim
942 3311 1108 3367 exeuntes
1140 3303 1182 3366 dc
1210 3311 1325 3368 castro

379 3416 456 3459 cum
484 3398 627 3462 laternis
652 3406 686 3462 et
714 3400 862 3464 fustibus
895 3408 931 3465 et
959 3404 1064 3466 armis
1088 3404 1205 3467 omnia
1232 3423 1327 3486 quae·

378 3496 483 3561 rendo
501 3498 771 3580 perlustrabant,
789 3501 899 3565 donec
921 3502 1183 3566 aresereutibus
1207 3503 1326 3567 andie-

379 3604 461 3661 runt
478 3597 676 3663 Hubertnm
704 3619 779 3664 esse
803 3601 840 3664 in
866 3600 1012 3667 ecclesia
1037 3622 1082 3666 cx
1104 3604 1326 3686 compedibus

379 3696 574 3776 liberatum,
597 3719 666 3782 quo
697 3719 775 3764 cum
806 3702 958 3765 tumultu
998 3709 1241 3767 concurrentes
1273 3705 1327 3767 in-

379 3805 549 3862 venerunt
578 3818 656 3862 cum
687 3807 769 3864 ante
798 3801 908 3869 altare
939 3820 1075 3865 erucem
1107 3803 1327 3868 Dominicam

413 3955 533 4008 ¹Duobus
550 3956 698 4030 ministris]
726 3963 758 4011 In
781 3963 839 4013 Ms.
864 3955 1013 4014 ‘Dimissus
1040 3980 1086 4027 per
1112 3966 1238 4016 caucellos
1268 3983 1327 4017 cum

376 4027 458 4077 ‘duos
469 4027 665 4095 ministros,‘but
673 4033 736 4082 with
744 4033 839 4082 umarlr
864 4035 965 4096 mappis
988 4040 1013 4084 ct
1037 4038 1210 4099 manutergiis,
1236 4043 1328 4099 agente

376 4097 572 4151 sorcorrecticn.¹
865 4105 975 4164 quodam
986 4106 1110 4168 armigero
1123 4121 1180 4168 suo,
1195 4108 1241 4167 qui
1257 4109 1328 4158 solus

865 4175 898 4223 de
923 4176 1021 4225 familia
1042 4190 1088 4226 sua
1111 4177 1136 4224 ei
1157 4177 1328 4229 ministravit?

409 4233 467 4286 2Do
490 4239 555 4288 turri
573 4275 580 4291 .
595 4276 601 4290 .
616 4274 642 4292 ..
660 4242 808 4294 descendens.
827 4244 838 4307 ]
864 4244 960 4296 Chron.
970 4245 1107 4309 Wilres‚p.
1117 4249 1159 4297 la.
