2864 4866
426 417 566 465 rnosns
590 417 862 466 u1sroa1nnun.
1057 401 1122 465 179

170 565 321 651 recepit¹
362 572 491 637 Eodem
504 582 658 656 ternpore
669 576 754 639 obiit
766 575 958 652 Galfridus,
971 575 1119 640 Eliensis
1134 591 1188 632 ev.
1198 591 1255 632 122⁸·

171 668 367 752 episcopus,
389 692 505 737 mense
532 674 744 751 Decembris
769 682 803 739 et
827 676 983 759 sepultus
1008 676 1119 740 estin

172 769 317 833 ecclesia
340 772 528 835 cathedrali
551 774 660 855 pridie
683 775 761 837 idus
787 777 914 839 mensis
942 776 1117 860 ejusdem;

173 886 241 948 quo
256 867 428 947 defuncto,
444 873 604 936 monachi
621 872 799 955 elegerunt
811 876 982 938 communi
999 894 1118 938 assen-

172 984 213 1029 su
229 960 435 1050 ²Hugonem
456 973 569 1035 sancti
588 971 760 1035 Edmundi
779 974 951 1049 abbatem,
969 975 1029 1055 qui
1045 973 1118 1054 regi

172 1074 402 1146 praesentatus
433 1077 613 1151 gratanter
638 1079 820 1155 susceptus
854 1079 964 1136 estet
988 1073 1119 1155 episco

172 1173 274 1246 patus
293 1169 391 1232 bonis
410 1170 569 1234 omnihus
585 1170 781 1235 investitus,

224 1342 377 1416 Quomodo
390 1354 547 1431 naqnotos
562 1347 769 1410 transmarini
783 1368 880 1432 royano
894 1346 1071 1432 Anplornno

413 1444 586 1509 sollicitant
599 1454 634 1509 nt
649 1445 876 1529 transfretaret.

220 1563 325 1631 Anno
344 1568 484 1632 Domini
512 1585 699 1633 mccxxrx.
722 1588 785 1632 rex
801 1566 997 1650 Anglorum
1020 1568 1255 1676 Heu-gem

172 1664 263 1729 ricus
286 1667 331 1730 ad
349 1669 464 1732 natale
479 1668 620 1732 Domini
635 1669 748 1732 tenuit
763 1669 893 1732 curiam
910 1687 1009 1731 suam
1025 1668 1118 1750 apud
1130 1679 1188 1717 ΜΘ·
1198 1679 1235 1716 the

1130 1727 1244 1766 invitation

166 1766 357 1844 <oxoniam
379 1769 609 1850 praesentibus
626 1767 844 1849 magnatibus
860 1767 969 1848 regni.
1010 1768 1118 1832 Venit
1130 1777 1258 1817 ottheNor-

1129 1837 1180 1865 man
1191 1827 1234 1865 and

172 1871 286 1928 autem
307 1866 350 1929 ad
368 1886 447 1931 eum
469 1867 517 1930 ibi
537 1867 814 1949 archiepiscopus
838 1866 1117 1947 Burdegalensis,
1129 1875 1280 1966 ffifml

171 1963 296 2027 missus
323 1985 345 2029 a
372 1968 591 2049 magnatibus
622 1966 831 2042 Wasconiee,
860 1963 1061 2047 Aquitaniae
1083 1974 1119 2029 et
1208 1953 1214 1963 ⁹

174 2062 355 2144 Pictaviae,
377 2066 436 2147 qui
454 2085 475 2129 a
494 2087 575 2149 rege
595 2086 671 2130 cum
694 2065 823 2130 honore
847 2072 1028 2146 susceptus
1045 2065 1118 2129 dies

171 2182 249 2226 oum
269 2164 329 2228 illo
355 2165 533 2230 natalitios
558 2165 755 2230 celebravit.
810 2163 992 2228 Venerunt
1014 2163 1117 2227 etiam

172 2263 285 2326 etalii
306 2265 467 2329 solennes
485 2265 598 2329 nuntii
620 2265 664 2329 ad
685 2264 813 2328 dictum
835 2283 950 2345 regem
966 2263 1008 2327 de
1027 2263 1119 2327 Nor-

172 2363 323 2441 mannia,
345 2384 492 2448 quorum
512 2365 664 2430 omnium
686 2384 793 2428 unum
814 2371 919 2446 atque
935 2363 1026 2426 idem
1043 2370 1118 2427 erat

174 2464 364 2544 negotium,
395 2472 436 2528 ut
457 2464 617 2529 videlicet
640 2485 684 2528 ex
710 2473 810 2546 parte
841 2471 1042 2546 magnatum
1064 2482 1118 2526 re·

172 2562 314 2643 gionum
343 2564 586 2646 praedictarum
619 2584 735 2646 regern
767 2563 920 2628 studiose
951 2562 1117 2627 sollicita-

173 2668 261 2738 rent,
280 2671 450 2745 quatenus
472 2663 516 2727 ad
539 2670 655 2746 partes
676 2664 756 2726 illas
776 2663 893 2727 venire
913 2665 950 2727 in
969 2682 1118 2745 persona

172 2763 313 2844 propria
341 2763 554 2844 dignaretur,
580 2763 823 2827 denuntiantes
852 2762 896 2839 ei,
922 2762 1014 2843 quod
1043 2764 1119 2825 uni-

172 2863 264 2926 versi
293 2862 338 2925 ad
365 2882 443 2927 eum
473 2883 551 2927 oum
581 2863 679 2944 equis
705 2863 863 2926 venirent
888 2867 923 2924 et
947 2858 1055 2925 armis
1084 2870 1119 2926 et

173 2961 300 3043 populo
335 2961 498 3044 regionis,
522 2969 627 3044 atque
658 2982 736 3025 cum
768 2960 829 3024 illo
859 2960 1119 3024 immutabiliter

169 3068 317 3138 starent,
340 3069 379 3125 ut
397 3081 560 3126 revocare
579 3069 697 3143 posset
718 3060 936 3123 haereditates
960 3060 1117 3123 amissas.

173 3159 252 3224 Rex
276 3168 405 3238 autem,
428 3162 488 3245 qui
517 3161 630 3225 adhuc
663 3168 737 3224 erat
762 3160 868 3222 nimia
897 3158 1119 3242 simplicitate

171 3260 370 3343 perplexus,
393 3257 628 3346 ajusticiario
655 3280 730 3336 suo,
758 3279 860 3341 quem
885 3258 1118 3323 consiliarium

172 3360 311 3424 unicum
336 3359 470 3439 habuit,
490 3361 669 3426 consilinm
692 3378 851 3441 quaerens
874 3359 922 3421 nil
944 3357 1037 3420 aliud
1061 3376 1118 3421 ac·

172 3460 275 3542 oepit,
297 3460 365 3524 nisi
387 3467 427 3524 ut
444 3461 621 3543 negotium
639 3458 802 3535 differret,
817 3457 925 3521 donee
943 3456 1029 3520 hora
1045 3456 1119 3521 feli-

172 3559 244 3622 cior
264 3559 443 3625 arrideret.
496 3559 623 3624 Nuntii
643 3579 737 3635 vero,
756 3557 849 3634 aliud
867 3576 936 3621 non
953 3557 1118 3620 habentes

171 3658 207 3720 in
222 3661 408 3741 responsis,
424 3660 468 3723 ad
483 3661 624 3742 propria
639 3665 721 3722 sunt
738 3658 878 3721 reversi.

207 3831 345 3900 ¹Recepit.]
371 3836 414 3886 He
430 3850 485 3886 was
504 3851 634 3886 consecra-
659 3838 692 3897 by
708 3836 807 3896 Henry‚
823 3834 913 3893 hishop
929 3832 958 3881 of
972 3831 1120 3880 Rochester.

170 3905 213 3954 ted
229 3919 262 3954 on
276 3906 375 3968 Trinity
386 3906 501 3968 Snnday‚
516 3907 557 3954 the
576 3906 634 3954 loth
693 3899 875 3970 ²lingonen]
900 3902 981 3963 Hugh
997 3900 1119 3949 Norwold

171 3975 201 4025 oi
213 3975 291 4034 June,
307 3977 341 4037 by
357 3976 482 4038 Joceline,
499 3975 589 4037 bishop
609 3976 639 4025 oi
658 3989 712 4023 was
722 3973 883 4024 consecrated
897 3978 923 4021 at
929 3971 972 4021 the
981 3985 1050 4020 same
1060 3971 1121 4020 time

172 4044 249 4107 Both,
275 4060 313 4108 or,
335 4047 471 4109 according
492 4051 519 4096 to
541 4046 634 4110 others,
658 4045 721 4093 with
733 4043 775 4093 the
787 4043 933 4106 preceding.

974 4170 1018 4216 1⁴2
