2864 4866
352 399 419 466 248
608 415 742 462 noessr
768 415 814 462 nu
838 414 1043 462 tvuwnovsa

191 593 247 633 an·
259 593 315 633 1²³2·
355 578 607 661 chiepiscopuS,
621 575 881 640 instantissimis
898 575 1056 657 precibus
1071 582 1106 638 et
1120 574 1307 658 lachrymis

196 1204 287 1252 Charges

197 1255 281 1302 against

197 1354 278 1405 Burgh.

355 678 492 759 rogavit
515 696 629 758 regern
656 694 719 758 pro
746 695 800 754 eo,
823 676 883 739 sed
906 695 975 738 non
1000 676 1114 759 potuit
1136 677 1171 739 in
1195 676 1305 740 tantis

355 778 555 843 excessibus
572 775 741 840 exaudiri.

454 957 504 1020 Do
525 955 707 1042 quibusdum
732 953 914 1032 enormibus,
940 977 1005 1041 qoae
1022 953 1204 1039 josto‘oo'oro'o

710 1054 943 1138 objiciebantur.

410 1183 567 1265 Cumque
589 1182 757 1246 vidissent
778 1181 891 1258 multi,
906 1181 999 1264 quod
1020 1181 1119 1244 favor
1140 1179 1306 1263 principis

196 1305 314 1344 suariae
359 1288 479 1347 contra
502 1282 712 1361 Hubertum,
730 1301 830 1364 quem
851 1283 946 1364 prius
964 1281 1064 1364 quasi
1083 1278 1307 1362 singulariter

358 1383 540 1460 dilexerat,
558 1382 671 1446 fuerat
688 1387 905 1465 permutatus
922 1383 958 1444 in
979 1381 1108 1458 odium,
1130 1380 1306 1443 insurrex-

359 1490 460 1548 erunt
480 1484 510 1546 ei
534 1483 593 1566 qui
614 1482 761 1546 oderunt
777 1501 867 1560 eum,
887 1482 997 1545 multa
1021 1481 1174 1544 enormia
1193 1481 1225 1544 ei
1242 1481 1307 1543 im-

359 1591 538 1666 ponentes.
590 1582 765 1645 Dixerunt
782 1584 872 1645 enirn
893 1581 1032 1664 quidam
1051 1582 1088 1645 in
1106 1600 1194 1657 eum,
1211 1580 1305 1664 quod

359 1684 445 1746 duos
471 1682 603 1746 nobiles
628 1683 731 1759 viros,
755 1681 967 1746 Willelmum
994 1681 1153 1746 comitem
1185 1680 1306 1745 Sares-

359 1783 553 1860 atriensem,
577 1789 611 1846 et
629 1782 840 1846 Willelmum
865 1782 1122 1859 Marescallum,
1145 1782 1306 1845 comitem

361 1883 530 1960 Penbroc,
546 1903 678 1946 veneno
700 1883 900 1966 procuravit
917 1884 1044 1960 necari,
1061 1890 1097 1946 et
1112 1881 1215 1945 simili
1231 1901 1306 1946 sce-

359 1984 429 2047 lere
460 1983 657 2048 Falcasium
688 1991 793 2066 atque
823 1983 1048 2061 Richardum,
1077 1981 1307 2047 Cautuarien-

359 2104 430 2147 sern
449 2084 757 2166 arehiepiscopum,
771 2083 955 2147 interfecit.
994 2083 1097 2148 Cives
1114 2103 1196 2147 vero
1214 2082 1306 2146 Lon·

359 2185 539 2248 denienses
553 2203 668 2247 coram
685 2204 766 2265 rege
779 2183 1026 2266 querimoniam
1041 2191 1307 2267 proposuerunt,

360 2285 450 2367 quod
474 2283 654 2347 Hubertus
671 2303 763 2366 saepe
779 2285 892 2348 dictus
908 2284 1172 2348 Constantinum
1190 2285 1305 2348 eonci-

359 2405 436 2448 vem
450 2403 548 2447 suum
563 2383 693 2447 fecerat
704 2384 777 2448 sine
789 2384 922 2468 judicio
937 2392 971 2448 et
984 2384 1113 2468 injuste
1130 2384 1305 2466 suspendi,

359 2486 401 2548 de
416 2504 485 2568 quo
504 2503 646 2548 excessu
666 2485 846 2566 postulant
861 2485 925 2548 sibi
938 2485 1110 2568 justitiam
1128 2485 1304 2563 exhiberi;

359 2584 450 2648 unde
482 2584 610 2648 factum
640 2592 705 2662 est,
728 2585 820 2667 quod
846 2605 909 2648 rex
934 2586 1015 2649 fecit
1037 2604 1099 2667 per
1129 2585 1306 2651 civitatem

360 2685 613 2748 Londoniarum
648 2685 819 2748 communi
855 2685 967 2749 edicto
1007 2686 1233 2769 proclamare,
1266 2693 1306 2752 ut

358 2804 489 2862 omnes
508 2785 566 2868 qui
589 2784 762 2849 habebant
779 2785 953 2869 querelam
970 2793 1092 2850 contra
1108 2784 1306 2849 Hubertum

358 2886 400 2950 de
424 2904 640 2968 quacumque
664 2886 805 2969 injuria,
826 2885 985 2951 venirent
1003 2887 1046 2951 ad
1068 2906 1184 2968 regem
1199 2886 1307 2971 justi-

358 2986 442 3049 tiam
469 2985 563 3050 illico
592 2988 773 3068 recepturi.
827 2985 877 3051 At
900 2985 1093 3064 Hubertus
1120 3007 1197 3051 cum
1220 2986 1306 3051 talia

357 3087 590 3168 cognovisset,
611 3086 655 3149 ad
680 3087 858 3151 ecclesiam
883 3087 1079 3151 Meritoniae
1103 3087 1194 3169 fugit
1214 3088 1307 3152 iuter

358 3187 541 3250 canonicos
579 3186 727 3267 pavidus
758 3187 973 3252 delitescens.
1036 3187 1166 3252 Eodem
1200 3207 1306 3267 anne,

358 3295 511 3370 tempore
534 3286 738 3364 autumnali,
755 3287 886 3351 electus
905 3295 958 3350 est
973 3289 1140 3369 magister
1155 3281 1306 3351 ¹J0han·

358 3407 431 3465 nee,
449 3394 680 3469 cognomento
699 3387 869 3466 Blundus,
891 3387 1049 3467 clericus,
1064 3388 1155 3471 apud
1173 3387 1305 3452 Oxoni-

358 3506 412 3550 am
428 3488 462 3549 in
484 3486 659 3569 theologia
681 3486 835 3565 studens
851 3488 887 3550 in
905 3488 1199 3571 archiepiscopum
1215 3486 1308 3552 Can·

393 3659 546 3724 ldelusores,
562 3668 716 3724 cognomento
740 3665 818 3713 Blera·
844 3665 1228 3727 quodmaximefovehatpartes
1238 3669 1307 3730 regis

357 3727 425 3798 dua]
449 3733 492 3780 He
504 3747 558 3782 was
569 3733 672 3782 refused
689 3748 818 3783 conseera-
844 3737 978 3799 Johannis,
994 3751 1052 3785 eum
1073 3737 1207 3798 utriusque
1226 3739 1306 3800 gladii

357 3803 410 3850 tion
422 3807 447 3850 to
459 3802 502 3850 the
518 3817 560 3852 see
571 3803 600 3850 of
608 3803 775 3866 Cantsrhury,
787 3820 818 3853 ou
843 3806 981 3855 dominium
990 3808 1038 3855 sibi
1047 3802 1204 3865 vindicaret?
1214 3808 1307 3872 Wood‚

358 3872 400 3921 the
412 3872 472 3934 plea
483 3871 537 3921 that
547 3871 579 3936 he
590 3872 649 3921 held
666 3874 767 3934 against
777 3875 819 3924 the
844 3876 914 3926 Hist.
926 3877 1010 3926 Oxou.
1023 3881 1096 3938 1674,
1106 3878 1125 3927 i.
1136 3893 1162 3939 p.
1175 3881 1215 3926 87.
1251 3878 1305 3929 Ae·

359 3956 451 3991 canons
471 3947 521 3990 two
542 3943 674 4005 beneficas,
695 3943 745 3991 and
768 3942 818 3993 had
843 3947 981 4010 cordingtn
993 3946 1163 4009 Godwin,his
1175 3946 1305 3998 Christian

358 4012 474 4061 received
491 4027 580 4073 money
591 4011 653 4060 from
670 4012 711 4062 the
728 4013 818 4076 bishop
843 4032 916 4066 name
933 4033 988 4067 was
1004 4016 1134 4077 Richard3
1150 4016 1208 4066 who
1225 4023 1305 4070 states

355 4083 385 4131 nl
401 4082 560 4131 Winchester
580 4082 641 4130 both
660 4084 745 4133 before
768 4086 818 4134 and
843 4087 898 4136 that
908 4087 940 4136 he
952 4102 1005 4136 was
1017 4086 1176 4150 afterwards,
1192 4088 1218 4136 in
1232 4093 1306 4154 1245,

354 4153 420 4202 after
435 4152 475 4200 his
492 4152 613 4212 election;
632 4168 674 4202 see
689 4155 779 4215 below,
791 4171 817 4217 p.
843 4159 970 4219 prometed
985 4162 1010 4206 to
1022 4157 1117 4208 theses
1129 4157 1268 4211 efExeter.

353 4227 411 4273 267.
448 4222 456 4249 ‘
470 4223 559 4272 Verior
571 4227 653 4272 tamen
670 4239 749 4275 causa
760 4225 818 4288 luit,
