2864 4866
333 391 398 456 292
592 406 726 454 norum
753 405 800 452 nn
823 404 1030 453 wunnovnn

357 636 407 700 De
414 635 591 721 proditione
604 656 698 721 quom
711 644 817 700 contre
833 635 1057 700 Merescollom
1071 636 1249 701 consiliarii

299 813 307 823 Ι
695 735 775 820 repis
789 743 923 820 eperunt.

176 878 232 918 no.
242 876 299 915 12³4.
389 858 491 922 Circa
512 859 585 921 dies
610 858 696 921 istos
720 857 859 932 Petrus,
874 857 1124 922 Wintoniensis
1149 857 1285 940 episco-

177 929 230 967 Plan
239 927 263 966 or
270 927 306 965 the

177 979 316 1067 prvfflment
338 977 415 1041 pus,
440 967 476 1022 et
493 957 584 1021 filius
606 957 681 1040 ejus
700 956 827 1020 Petrus
848 958 891 1020 de
914 957 1075 1034 larvatus,
1099 967 1133 1021 et
1151 958 1212 1020 alii
1234 959 1286 1021 in-

179 1075 309 1117 destructron
339 1059 411 1140 1qui
435 1057 621 1122 consiliarii
642 1057 747 1137 rogis,
764 1077 842 1120 cum
865 1077 902 1120 se
920 1058 1030 1121 victos
1057 1058 1184 1140 ubique
1211 1077 1285 1121 cer-

176 1127 277 1222 iiiito,
341 1165 462 1220 nerent
481 1176 502 1219 a
525 1157 648 1220 comite
670 1156 891 1232 Marescallo‚
913 1163 948 1220 et
970 1156 1071 1220 villas
1097 1175 1179 1219 suas
1205 1157 1287 1238 igne

341 1264 510 1320 crematas
544 1255 840 1319 irremediabiliter
881 1255 1048 1331 dolerent,
1085 1257 1288 1337 cogitabant

341 1356 534 1438 proditione
573 1355 707 1431 saltem,
738 1375 838 1438 quem
875 1355 980 1418 armis
1011 1375 1079 1419 non
1113 1362 1288 1436 poterant,

342 1474 527 1535 superare3
551 1454 730 1536 siquidem,
751 1455 810 1536 qui
831 1462 957 1535 praeter
978 1455 1047 1517 alia
1069 1455 1288 1521 incommoda

343 1573 364 1615 a
382 1573 445 1617 suo
468 1553 636 1616 desiderio
659 1553 853 1617 defraudati
874 1555 1009 1616 turbam
1027 1552 1287 1618 Pictavensium

342 1652 556 1715 innumeram
576 1653 643 1734 [in]
659 1653 783 1716 finibus
798 1653 936 1716 Walliae
955 1652 1109 1716 viderent
1125 1653 1287 1718 interfec-

343 1759 426 1828 tam,
452 1752 570 1816 literas
599 1760 864 1834 composuerunt
880 1751 1083 1834 proditionis
1108 1752 1287 1838 inauditae,

343 1858 390 1928 et,
412 1870 489 1914 cum
518 1851 701 1915 earundem
730 1858 882 1915 tenorem
904 1851 1082 1915 literarum
1105 1872 1167 1914 rex
1190 1853 1287 1934 peni·

344 1956 400 2013 tus
426 1951 614 2032 ignoraret,
641 1951 879 2033 compulerunt
904 1971 982 2014 eum
1008 1952 1157 2033 sigillum
1184 1971 1285 2015 suum

344 2069 529 2132 apponere,
569 2070 645 2113 cum
682 2070 751 2132 quo
786 2051 889 2114 etiam
924 2058 958 2114 et
985 2052 1052 2133 ipsi
1084 2070 1148 2114 sua
1178 2070 1286 2134 appo-

344 2157 464 2212 nentes
488 2149 604 2230 sigilla
625 2169 766 2213 numero
796 2150 965 2226 undecim,
991 2158 1169 2213 cruentum
1201 2152 1285 2215 illud

342 2248 507 2330 scriptum
535 2249 571 2311 in
599 2248 801 2312 Hiberniam
831 2249 1105 2313 transmiserunt.
1158 2243 1287 2313 ¹Missa

343 2353 395 2410 est
422 2355 537 2411 autem
571 2347 673 2431 hujus
701 2348 904 2430 proditionis
933 2348 1055 2412 charta
1077 2349 1121 2412 ad
1143 2369 1288 2431 magna-

343 2454 396 2509 tes
422 2447 614 2530 Hiberniae,
647 2447 853 2511 Mauricium
883 2447 1015 2511 scilicet
1040 2447 1287 2513 filium-Garoi-

343 2545 389 2622 di,
413 2547 473 2628 qui
489 2546 582 2610 vices
597 2545 783 2629 justiciarii
806 2547 929 2609 ibidem
947 2547 1013 2609 sub
1029 2567 1110 2628 rege
1132 2550 1286 2628 gerebat,

343 2646 387 2708 ad
409 2647 603 2711 Walterum
628 2653 664 2709 et
686 2646 873 2728 Hugonem
901 2645 943 2709 de
970 2647 1125 2723 Lasceio‚
1152 2648 1196 2710 ad
1225 2648 1288 2713 Ri-

343 2745 506 2810 cbardum
539 2746 581 2810 de
613 2745 743 2826 Burgo,
772 2752 807 2807 et
829 2743 1025 2809 Galfridum
1052 2746 1095 2809 de
1122 2747 1287 2826 Marisco,

344 2846 444 2909 etad
472 2845 559 2909 alios
592 2843 745 2909 homines
778 2844 932 2927 ejusdem
962 2845 1161 2908 Marescalli
1188 2846 1287 2930 jura·

344 2952 411 3022 tos,
439 2945 500 3009 sed
529 2942 707 3021 infideles3
738 2963 816 3024 quae
846 2944 934 3007 banc
965 2945 1195 3026 iniquitatem,
1224 2965 1288 3028 pro

344 3051 443 3126 parte
464 3062 541 3127 quae
560 3043 735 3124 sequitur,
752 3044 959 3106 continebat.
1012 3043 1054 3106 In
1075 3044 1195 3126 primis
1217 3046 1287 3128 sig-

344 3143 576 3207 nificaverunt
588 3142 807 3222 magnatibus
824 3141 998 3223 praedictis
1014 3143 1200 3207 consiliarii
1217 3164 1289 3208 me·

345 3243 479 3318 morati,
503 3241 594 3325 quod
622 3241 829 3317 RicharduS,
847 3241 1019 3322 quondam
1040 3242 1132 3323 regis
1147 3239 1288 3324 Angliae

346 3341 586 3416 MarescalluS‚
598 3347 740 3422 propter
754 3339 981 3421 proditionem
996 3341 1214 3404 manifestam
1229 3363 1290 3425 per

340 3441 509 3524 judicium
537 3440 641 3503 curiae
672 3439 824 3523 ejusdem
853 3439 945 3520 regis
975 3441 1187 3522 proscriptus
1213 3449 1290 3507 erat

345 3541 387 3604 de
412 3560 519 3621 regno
543 3537 695 3620 Angliae,
722 3545 756 3602 et
779 3539 879 3601 terris
910 3538 1015 3615 illius,
1040 3539 1131 3602 villis
1154 3540 1233 3622 ejus
1255 3548 1290 3606 et

345 3639 498 3702 aedificiis
522 3637 602 3719 igne
627 3638 799 3712 crematis,
822 3637 936 3718 parcis
964 3644 999 3701 et
1021 3639 1182 3720 pomeriis
1211 3658 1290 3705 suc·

344 3739 437 3816 cisis,
463 3738 598 3818 stagnis
623 3756 700 3800 cum
724 3736 880 3817 piscariis
905 3736 1102 3814 destructis
1124 3744 1171 3815 et,
1195 3739 1290 3822 quod

344 3836 397 3899 bis
424 3838 581 3901 omnibus
610 3835 721 3918 majus
748 3844 813 3909 est,
842 3838 885 3900 ab
915 3836 1117 3900 haereditate
1142 3842 1291 3919 paterna

344 3937 378 3998 in
394 3945 597 4019 perpetuum
615 3935 831 4019 abjudicatus
845 3955 854 4014 ;
878 3942 924 4011 et,
938 3955 1014 3999 oum
1031 3955 1052 3998 a
1064 3936 1168 4021 bonis·
1179 3940 1292 4002 omni·

489 4136 585 4185 'Mimo
596 4141 651 4186 eet.
666 4171 672 4184 .
686 4129 811 4202 ,charto.]
827 4135 919 4184 Ghron.
933 4135 1026 4185 Dunst.
1039 4151 1065 4197 p.
1077 4140 1135 4186 219.
