2864 4866
333 378 399 446 los
596 391 731 442 aoonnr
755 393 802 440 ns
826 386 1033 441 wunnovnn

174 565 229 607 nn.
240 567 297 606 122⁵·
335 551 495 615 omnibus
517 551 619 615 rebus
644 551 779 615 amissis
804 550 849 614 ad
873 551 1047 632 integrum
1075 549 1283 627 restitueret,

336 659 371 716 et
396 651 521 734 ipsum,
545 652 605 733 qui
638 653 729 735 patri
756 670 820 715 suo
847 658 882 715 et
906 651 972 715 sibi
1001 650 1037 713 in
1068 669 1194 732 guerra
1219 669 1284 713 sua

336 758 406 815 tam
425 751 572 816 fideliter
592 752 770 829 servierat,
787 770 886 835 pura,
902 759 941 816 ut
954 751 1109 829 decebat,
1127 750 1285 832 diligeret

336 852 493 916 caritate.
546 851 603 916 Ad
628 852 692 916 hoc
718 870 855 935 quoque
879 845 1071 934 ¹respondit
1093 871 1169 928 rex,
1192 850 1285 932 quod

337 959 476 1034 propter
500 952 730 1034 proditionem
759 950 976 1016 manifestam
1001 953 1044 1016 ab
1070 952 1163 1015 omni
1191 951 1285 1014 clero

338 1059 374 1116 et
405 1052 534 1135 populo
572 1053 669 1134 regni
706 1073 767 1136 per
797 1051 966 1136 judicium
1000 1051 1105 1116 curiae
1137 1070 1209 1115 suae
1242 1053 1286 1114 ab

340 1151 469 1234 Anglia
492 1153 606 1216 fuerat
626 1154 662 1216 in
687 1152 828 1216 exilium
855 1152 988 1235 pulsus,
1016 1160 1063 1229 et,
1084 1152 1165 1215 licet
1190 1151 1286 1232 regni

338 1271 422 1332 cura
454 1252 651 1336 specialiter
684 1253 729 1316 ad
761 1253 875 1336 ipsum
912 1260 1069 1335 spectare
1101 1250 1286 1328 videretur,

339 1351 440 1416 debet
455 1352 550 1434 leges
568 1353 705 1435 quidem
722 1359 757 1416 et
773 1354 882 1417 bonas
903 1354 1001 1436 regni
1020 1352 1286 1417 consuetudines

339 1454 533 1517 observare.
589 1453 676 1518 Haec
704 1459 819 1517 autem
845 1473 922 1517 cum
945 1453 1097 1517 audisset
1121 1453 1287 1534 magister

340 1552 445 1629 Otho,
477 1554 626 1617 cessavit
653 1553 797 1617 ulterius
828 1553 871 1618 de
908 1553 1068 1619 Falcasio
1099 1552 1286 1616 sollicitare

339 1673 466 1734 regem.
520 1653 619 1717 Tunc
638 1652 728 1716 idem
753 1653 847 1718 Otho
872 1655 964 1736 cepit
985 1655 1028 1717 ab
1051 1655 1208 1718 omnibus
1233 1672 1289 1717 ec-

339 1753 453 1817 clesiis
474 1753 613 1836 Angliae
638 1754 936 1832 conventualibus,
962 1755 1098 1819 nomine
1125 1772 1288 1836 procura-

339 1853 455 1931 tionis,
485 1854 571 1918 duas
603 1873 737 1918 marcas
769 1855 930 1936 argenti3
961 1862 996 1919 et
1020 1854 1196 1918 sciendum
1223 1861 1290 1932 est,

341 1955 444 2037 quod,
467 1963 620 2037 tempore
645 1974 713 2038 quo
733 1956 899 2036 magister
923 1954 1016 2019 Otho
1045 1956 1139 2019 venit
1160 1954 1197 2017 in
1214 1952 1291 2041 An-

340 2055 455 2136 gliam‚
484 2054 641 2118 dominus
675 2074 768 2138 papa
797 2055 890 2128 misit
913 2057 1054 2120 nuntios
1081 2075 1143 2138 per
1173 2056 1290 2118 orbem

339 2156 549 2232 universum,
577 2156 777 2220 exactiones
797 2155 925 2239 ubique
946 2156 1117 2219 indebitas
1135 2154 1291 2237 exigens,

340 2256 431 2319 sicut
445 2255 588 2320 inferius
605 2255 748 2320 dicetur.

340 2429 390 2494 Do
397 2430 508 2515 puella
522 2432 669 2518 quadum,
683 2455 749 2518 qua
764 2431 897 2497 suculam
910 2431 1081 2517 relinquens
1094 2429 1140 2495 ud
1152 2430 1293 2496 ordinum

649 2535 693 2596 M
691 2534 814 2598 luorum
828 2532 978 2619 consopit.

399 2654 501 2720 Circa
535 2656 672 2721 eosdem
704 2659 778 2722 dies
811 2664 886 2721 erat
911 2657 1028 2740 puella
1062 2657 1221 2739 quaedam
1256 2657 1293 2721 iu

342 2755 467 2819 finibus
496 2756 721 2839 Burgundiae,
744 2759 880 2840 generis
909 2757 1089 2821 nobilitate
1111 2758 1293 2841 praeclara,

342 2875 447 2938 quam
478 2864 639 2939 parentes
667 2857 710 2922 de
741 2859 1017 2942 possessionibus
1050 2877 1120 2920 non
1147 2857 1292 2922 modicis

342 2955 512 3020 haeredem
549 2958 614 3021 sibi
652 2959 861 3022 constituere
898 2959 1120 3022 decernentes
1155 2957 1292 3022 cuidam

343 3058 418 3120 viro
440 3075 484 3120 ex
507 3056 634 3121 illustri
660 3060 824 3141 prosapia
847 3060 965 3139 genito
989 3065 1132 3140 nuptam
1156 3058 1293 3122 tradere

344 3157 553 3236 voluerunt;
586 3157 646 3222 sed
676 3159 803 3241 puella,
833 3178 912 3240 quae
942 3159 986 3221 ab
1019 3158 1120 3221 annis
1151 3159 1293 3241 puerili·

343 3258 407 3320 bus
434 3257 558 3321 studiis
580 3256 695 3322 fuerat
714 3259 913 3323 liberalibus
935 3259 1079 3334 imbuta,
1102 3258 1138 3322 in
1159 3266 1294 3323 secreta

345 3356 457 3421 cordis
485 3358 636 3440 puritate
660 3359 895 3441 virginitatem
924 3378 1022 3423 suam
1051 3357 1128 3422 Deo
1154 3358 1294 3422 dedica-

345 3464 454 3520 verat.
508 3456 804 3523 Parentumclam
821 3459 980 3523 deserens
999 3458 1165 3542 palatium
1180 3459 1217 3522 in
1232 3458 1294 3522 ha·

345 3556 420 3620 bitu
452 3557 645 3639 peregrino,
678 3564 718 3621 ut
742 3579 780 3622 se
809 3559 950 3622 liberius
980 3577 1002 3621 a
1027 3557 1182 3640 paternis
1211 3578 1294 3623 con·

346 3656 521 3738 spectibus
560 3665 747 3735 amoveret,
783 3658 930 3723 contulit
958 3677 995 3721 se
1030 3659 1075 3722 ad
1108 3659 1294 3723 contuber-

346 3756 439 3818 nium
463 3757 679 3837 quorundam
704 3757 849 3822 fratrum
876 3759 919 3822 de
945 3757 1063 3823 ordine
1092 3757 1293 3837 Minorum;

347 3856 416 3932 ubi,
439 3856 516 3938 ipsa
550 3857 724 3938 exigente,
755 3859 798 3922 de
823 3859 917 3923 illius
947 3859 1062 3940 rigore
1093 3859 1221 3923 ordinis
1249 3858 1294 3922 ad

346 3955 486 4037 plenum
519 3957 653 4021 erudita
685 3959 920 4024 calceamenta
951 3959 1123 4042 deposuit,
1156 3978 1294 4023 saccum

383 4127 535 4195 ¹Respondit
551 4133 619 4197 rea]
643 4133 766 4197 Compare
782 4136 824 4186 the
841 4136 946 4199 legate’s
961 4135 1048 4186 letters
1067 4139 1092 4184 to
1111 4135 1153 4185 the
1177 4150 1252 4200 pope,
1263 4132 1294 4186 ’ίιι

345 4200 449 4266 Rymer,
461 4202 479 4252 i.
490 4217 517 4263 p.
530 4206 587 4253 176.
