2864 4866
337 382 381 445 24
587 397 721 447 000101
744 398 792 445 nn
815 397 1023 446 wnunovun

178 571 301 663 qflqoqqq
340 555 444 638 Capti
463 563 545 619 sunt
561 554 667 620 etiam
688 557 846 632 barones,
868 547 1061 618 ¹Robertus
1080 553 1186 617 filius·
1188 553 1288 619 Wal-

178 675 273 713 takenat
340 657 417 732 teri,
457 655 651 720 Richardus
683 655 726 719 dc
762 653 980 731 Muntfichet,
1014 653 1211 719 Willelmus
1244 654 1288 731 (10

178 723 273 764 ΗΜ
342 755 493 833 Μο11101,
514 755 711 821 Willelmus
737 755 781 818 de
814 754 929 820 Bello·
917 772 1067 836 -campo,
1091 752 1288 818 Willelmus

342 855 504 933 Maudut,
535 855 709 920 Oliverius
744 853 786 918 de
819 852 1014 931 Haencurt,
1050 853 1212 934 Rogerus
1245 853 1288 918 de

342 953 464 1031 Creisi,
494 955 691 1020 Willelmus
722 954 765 1018 de
801 953 983 1028 Colevilla,
1013 952 1210 1018 Willelmus
1247 953 1289 1016 de

342 1054 429 1131 Ros,
453 1055 632 1120 Robertus,
650 1054 692 1119 de
718 1053 888 1136 Roppele,
912 1052 1118 1135 liudulphus
1144 1052 1291 1117 chaine·

343 1153 417 1231 dut,
440 1164 475 1219 01
492 1155 552 1219 alii
568 1155 680 1233 multi,
698 1173 785 1238 quos
803 1153 945 1235 longum
967 1160 1059 1217 esset
1076 1171 1288 1217 enumerare.

344 1252 448 1336 Capti
472 1262 553 1320 sunt
571 1257 675 1319 etiam
698 1252 824 1317 milites
848 1253 1006 1330 trecenti,
1031 1259 1158 1334 praeter
1179 1253 1288 1317 servi·

343 1361 452 1432 entes,
475 1355 608 1438 equites
631 1361 666 1419 et
685 1353 830 1435 pedites,
851 1353 911 1435 qui
934 1351 1035 1416 facile
1058 1353 1123 1416 sub
1147 1371 1289 1417 numero

342 1473 412 1517 non
441 1454 623 1519 cadebant.
683 1452 808 1518 Comes
836 1452 1047 1517 Perticensis
1071 1452 1108 1517 10
1136 1453 1290 1533 pomerio

341 1551 524 1636 hospitalis
549 1561 651 1619 extra
674 1553 792 1617 villam
818 1553 974 1635 sepultus
1003 1558 1068 1614 est.
1122 1551 1289 1632 110ςί1101-

341 1652 406 1716 (100
428 1653 534 1717 etiam
556 1661 785 1736 cognomento
812 1651 952 1727 Crocus,
976 1650 1074 1714 miles
1094 1650 1137 1714 de
1157 1651 1290 1717 familia

303 1802 306 1807 .
343 1751 506 1830 Falcasii,
523 1753 576 1816 'vir
593 1760 767 1829 strenuus,
784 1752 832 1815 ibi
854 1751 1055 1815 interfectus
1070 1756 1124 1814 est
1146 1757 1181 1815 et
1195 1751 1289 1833 apud

341 1852 515 1917 abbatiam
534 1852 576 1916 de
591 1852 782 1930 Crocstune
801 1851 987 1916 honorifice
1006 1850 1173 1932 sepultus.
1229 1850 1290 1913 In·

341 1951 505 2016 terfectus
536 1958 588 2016 est
606 1958 776 2035 praeterea
798 1951 835 2014 in
862 1950 923 2015 illo
949 1948 1112 2014 conflictu
1133 1949 1288 2015 serviens

341 2052 481 2134 quidam
513 2071 557 2115 ex
593 2059 692 2134 parte
729 2052 911 2126 baronum,
942 2049 1102 2113 omnibus
1133 2050 1288 2130 ignotus,

341 2151 400 2235 qui
422 2158 523 2214 extra
553 2152 729 2216 civitatem
753 2151 799 2214 in·
816 2149 997 2234 quadrivio
1028 2150 1127 2231 quasi
1149 2169 1288 2214 excom·

341 2251 535 2315 municatus
563 2250 719 2334 sepultus
749 2259 813 2316 001.
866 2249 933 2314 Isti
958 2258 1027 2313 tres
1053 2250 1289 2315 tantummodo

342 2370 387 2414 ex
410 2350 569 2414 omnibus
590 2350 734 2413 intanti
756 2349 951 2415 discrimine
972 2349 1053 2414 belli
1073 2350 1177 2413 occisi
1200 2350 1288 2415 refe-

342 2458 475 2516 runtur.

559 2551 610 2616 De
623 2551 731 2636 spolio
745 2551 883 2618 oioitotir
897 2559 925 2616 01
940 2551 1074 2636 rupinis.

181 2677 307 2777 mg&
395 2673 464 2738 His
488 2676 538 2739 ita
560 2676 681 2756 gestis,
705 2677 911 2740 invenerunt
934 2675 1021 2757 regii
1046 2674 1232 2739 bellatores
1254 2677 1290 2740 in

343 2772 469 2854 plateis
499 2775 650 2839 civitatis
679 2776 778 2857 bigas
810 2778 977 2840 baronum
1008 2783 1044 2840 01
1066 2774 1290 2854 Francorum,

343 2891 419 2935 cum
454 2875 649 2937 summariis
681 2882 716 2938 et
746 2877 892 2940 sarcinis
924 2876 1018 2940 vasis
1050 2877 1223 2956 argenteis
1255 2883 1289 2939 et

343 2973 440 3037 varia
469 2974 674 3056 supellectili
706 2975 808 3039 simul
837 2983 871 3041 et
899 2975 1105 3040 utensilibus
1133 2983 1289 3053 onustas,

343 3092 420 3155 quae
449 3075 565 3138 omnia
590 3076 626 3139 in
652 3094 736 3138 usus
767 3095 884 3141 eorum
916 3076 991 3140 sine
1020 3076 1291 3163 contradictione

343 3183 531 3239 cesserunt.
610 3175 769 3256 Spoliata
799 3177 918 3259 itaque
953 3174 1094 3240 civitate
1128 3177 1290 3239 universa

344 3290 451 3356 usque
478 3274 520 3337 ad
545 3275 702 3339 ultimum
727 3276 967 3359 quadrantem,
989 3274 1159 3338 ecclesias·
1173 3293 1291 3338 omnes

344 3373 452 3436 totius
475 3375 571 3438 urbis
596 3383 846 3457 consequenter
871 3374 1073 3456 spoliantes,
1096 3392 1195 3436 arcas
1218 3375 1293 3436 nni-

344 3491 464 3535 versas
487 3492 564 3535 cum
593 3476 750 3537 armariis
779 3473 955 3537 securibus
981 3491 1022 3534 ac
1045 3470 1179 3534 malleis
1209 3491 1288 3536 con·

344 3570 532 3650 fregerunt,
555 3572 728 3654 rapientes
751 3573 786 3635 in
810 3574 859 3635 eis
889 3590 1010 3634 aurum
1040 3579 1076 3636 et
1098 3579 1290 3653 argentum,

345 3688 479 3750 pannos
509 3671 621 3734 omnis
652 3671 776 3735 coloris
802 3690 842 3735 ao
869 3671 1049 3735 muliebria
1077 3681 1292 3750 ornamenta,
1368 3671 1373 3676 ’

345 3769 493 3834 00110100
523 3789 658 3847 001000,
684 3790 761 3833 cum
792 3771 931 3854 scyphis
958 3778 993 3836 et
1014 3772 1188 3855 lapidibus
1214 3793 1291 3855 pre-

379 3975 521 4027 ¹Robertur
535 3977 619 4042 filius·
624 3978 750 4041 Walters]
774 3980 805 4028 ln
831 3980 988 4041 Monttichet,
1010 3981 1185 4043 Beauchamp,
1208 3980 1292 4034 Chen·

343 4047 394 4096 the·
412 4048 486 4096 Closs
513 4049 584 4097 Rolls
606 4063 664 4109 may
686 4049 717 4097 be
746 4064 805 4099 seen
830 4050 887 4098 (1011
898 4050 948 4100 and
959 4051 1053 4114 others,
1064 4052 1123 4101 who
1138 4054 1257 4103 returned
1269 4060 1294 4104 to

344 4119 415 4166 write
426 4123 451 4166 to
463 4118 504 4167 the
522 4118 621 4167 sheriffs
635 4119 752 4181 ordering
765 4120 805 4168 the
831 4121 896 4182 their
907 4121 1046 4184 allegiance
1057 4126 1083 4214 1ο
1095 4122 1137 4171 the
1149 4123 1220 4185 king.

344 4188 485 4236 restitution
496 4189 525 4237 of
533 4189 607 4262 landa
618 4193 643 4237 to
653 4190 807 4254 Fitzwalter,
