2864 4866
358 394 424 459 264
614 408 748 456 nouum
773 410 819 456 nu
843 407 1047 457 wnunovun

199 583 315 683 iin'gor
251 584 322 622 ·¹·2³³
361 569 503 650 gerebat
523 566 688 631 Richardi
713 566 830 648 magni
850 565 1073 646 Marescalli3
1096 564 1189 647 quod
1218 564 1309 629 idem

198 633 315 734 mihhhr‘fs
361 667 559 733 Richardus
582 667 682 730 nimis
702 666 846 730 moleste
863 666 953 730 tulit.
1006 665 1200 730 Walterum
1223 684 1311 747 quo-

361 788 428 853 que
447 767 709 832 Karleolensem
731 767 930 849 episcopum
950 765 1040 829 idem
1058 784 1133 842 rex,
1150 785 1212 847 per
1227 784 1310 828 con-

361 867 476 931 silium
516 867 720 949 praedictum
752 867 796 929 ab
826 865 937 930 officio
971 865 1177 930 thesaurarii
1213 865 1310 947 prius

361 967 551 1050 expellens,
569 972 706 1030 centum
729 966 836 1030 libras
859 965 995 1046 argenti
1017 966 1062 1029 ab
1083 985 1131 1029 eo.
1149 966 1252 1048 cepit,
1275 973 1311 1030 et

362 1066 537 1148 custodias
565 1065 745 1147 quasdam,
776 1084 863 1149 quas
888 1065 920 1129 ei
947 1085 1009 1148 per
1032 1064 1187 1129 chartam
1211 1084 1311 1129 suam

362 1167 627 1230 confirmaverat
664 1165 745 1228 dum
776 1165 921 1242 vireret,
950 1165 1197 1229 contumeliose
1230 1166 1312 1229 sub-

363 1267 483 1331 traxit.
536 1264 760 1330 consiliarios
777 1285 859 1330 vero
881 1283 963 1328 suos
982 1284 1114 1341 omnes,
1138 1272 1211 1330 tam
1237 1266 1311 1347 epi·

363 1385 487 1449 scopos
516 1384 620 1447 quam
649 1366 805 1442 comiteS,
836 1384 878 1429 ac
909 1366 1055 1429 barones
1087 1372 1123 1429 et
1155 1384 1312 1448 quosque

364 1466 407 1529 de
430 1485 537 1548 regno
560 1485 623 1529 suo
646 1465 791 1543 nobiles,
817 1465 868 1529 ita
894 1465 1151 1548 praecipitanter
1173 1465 1313 1549 abjecit,

364 1565 457 1648 quod
479 1564 565 1628 nulli
586 1565 758 1643 credebat,
784 1564 852 1629 nisi
875 1566 1037 1648 episcopo
1060 1572 1249 1629 memorato
1277 1572 1313 1629 et

365 1659 452 1729 filio¹
474 1665 549 1749 ejus
573 1665 680 1729 Petro
701 1665 744 1730 de
765 1664 938 1743 Rivallis3
970 1663 1061 1728 unde
1087 1664 1217 1742 sactum
1246 1672 1312 1742 est,

365 1765 470 1848 quod,
493 1765 648 1847 expulsis
670 1772 860 1830 castrorum
891 1764 1090 1830 custodibus
1117 1785 1179 1847 per
1202 1771 1313 1829 totam

365 1863 543 1947 Angliam,
566 1884 629 1928 rex
652 1865 767 1929 omnia
797 1865 862 1928 sub
891 1865 1000 1946 ipsius
1030 1864 1127 1928 Petri
1156 1865 1315 1928 custodia

366 1964 632 2029 commendaret.
684 1964 784 2029 Tunc
811 1964 949 2042 Petrus,
965 1963 1217 2029 Wintonieusis
1241 1965 1312 2047 epi-

367 2083 506 2147 scopus,
532 2070 571 2128 ut
593 2064 686 2145 regis
708 2064 863 2129 favorem
888 2064 1029 2127 liberius
1052 2064 1234 2152 obtineret,
1260 2071 1314 2128 at·

367 2165 478 2228 traxit
503 2164 540 2226 in
569 2183 669 2226 suurn
702 2165 911 2229 consortium
943 2163 1155 2246 Stephanum
1182 2162 1225 2227 de
1252 2163 1314 2227 Se·

367 2283 487 2344 grave,
505 2262 615 2328 virum
632 2262 830 2340 flexibilem,
847 2271 883 2328 et
898 2262 1090 2327 Robertum
1107 2262 1315 2341 Passelewe,

367 2361 427 2444 qui
444 2363 508 2426 sub
526 2362 632 2426 Petro
650 2361 693 2426 de
710 2362 870 2427 Rivallis.
882 2362 1064 2427 thesauros
1088 2364 1180 2444 regis
1199 2382 1317 2427 serva-

366 2461 448 2539 bat3
473 2468 509 2525 et
528 2462 578 2526 sic
597 2462 756 2543 contigit,
780 2469 820 2526 ut
838 2462 976 2526 illorum
1002 2462 1146 2527 consilio
1170 2469 1207 2526 et
1223 2463 1316 2526 arbi·

367 2560 435 2624 trio
457 2561 620 2625 universa
645 2562 743 2642 regni
768 2562 906 2644 negotia
932 2562 1116 2626 ordinaret.
1167 2560 1219 2626 At
1241 2582 1317 2640 rex,

367 2659 524 2724 invitatis
549 2659 812 2726 Pictavensibus
834 2669 870 2726 et
890 2661 1092 2725 Britouibus
1115 2662 1316 2726 transmari·

369 2759 437 2836 nis,
464 2761 524 2842 qui
552 2767 692 2841 egentes
719 2768 754 2825 et
780 2761 876 2825 lucro
909 2759 1106 2826 avidissime
1130 2761 1316 2840 inhiantes,

368 2867 538 2924 venerunt
550 2859 595 2924 ad
618 2860 687 2944 duo
709 2861 818 2924 millia
839 2880 917 2926 cum
936 2861 1034 2943 equis
1055 2868 1091 2925 et
1104 2862 1209 2925 armis
1225 2862 1316 2925 mili-

370 2965 423 3022 tes
448 2966 484 3023 et
508 2960 708 3036 servientes,
731 2980 818 3044 quos
837 2961 872 3024 in
894 2979 958 3025 suo
979 2962 1129 3025 retinens
1151 2962 1316 3044 obsequio

369 3059 485 3140 posuit
506 3059 543 3121 in
565 3059 735 3143 praesidiis
758 3068 950 3124 castrorum
974 3061 1073 3142 regni
1091 3062 1128 3124 in
1153 3062 1239 3127 locis
1264 3061 1317 3125 di-

369 3159 491 3236 versis,
514 3160 574 3241 qui
598 3158 753 3223 homines
771 3158 909 3241 Angliae
934 3160 1110 3225 naturales
1134 3168 1170 3225 et
1187 3160 1319 3225 nobiles

370 3257 454 3321 totis
476 3258 606 3323 viribus
633 3260 885 3341 opprimebant,
910 3259 1103 3343 proditores
1127 3280 1187 3324 eos
1214 3279 1319 3326 voca·

370 3357 464 3432 bant,
493 3377 581 3440 quos
606 3357 709 3422 etiam
732 3358 775 3422 de
793 3358 987 3441 proditione
1012 3360 1104 3443 apud
1122 3379 1238 3442 regem
1263 3379 1321 3424 ac-

371 3457 563 3538 cusabant3
595 3448 740 3540 quorum
763 3458 948 3523 mendaciis
970 3479 1033 3523 rex
1051 3459 1199 3542 simplex
1216 3459 1319 3523 fidem

371 3555 537 3619 adhibens
558 3557 701 3622 tradidit
722 3558 897 3623 custodias
919 3560 1143 3623 comitatuum
1166 3565 1201 3624 et
1218 3561 1321 3624 baro·

370 3655 507 3718 uiarum
523 3674 599 3719 cum
617 3656 805 3740 juvenibus
827 3659 997 3722 nobilibus
1020 3666 1054 3723 et
1069 3659 1194 3741 puellis
1216 3679 1321 3741 gene-

372 3754 484 3835 rosis;
518 3753 640 3819 horum
666 3763 782 3822 autem
807 3764 991 3841 utrumque
1022 3778 1145 3823 sexum
1171 3759 1320 3841 turpiter

371 3852 638 3934 degenerabant,
655 3874 732 3919 cum
746 3857 944 3939 ignobiliter
960 3859 1182 3924 maritabant.
1229 3858 1322 3923 The·

408 4052 575 4118 Ι1«“ι’ῑι”οι]ἰιιι.]
598 4055 640 4117 By
658 4055 742 4106 others
758 4057 814 4106 he'
806 4070 829 4106 rs
855 4057 946 4120 bishop
966 4059 996 4108 of
1015 4055 1198 4123 winchester?
1227 4060 1321 4111 Holin·

371 4122 472 4171 oulled‘
482 4138 540 4173 caro
556 4138 611 4186 suo,
614 4121 715 4174 'and‘
721 4123 828 4188 nepoti?
856 4127 967 4191 shed‚p.
979 4133 1037 4180 215.

372 4192 504 4257 ‘nephew,
521 4207 549 4242 or
567 4159 652 4245 rather
671 4210 726 4260 son,
742 4201 769 4247 to
787 4197 829 4246 the
