2864 4866
351 400 394 465 18
614 417 748 464 nocam
773 417 820 464 nn
844 413 1052 464 wnuuovna

190 592 245 634 an·
257 591 313 632 1²¹⁷·
352 577 531 641 venientes
566 575 711 638 barones
734 574 899 638 insultus
935 571 1089 637 lecerunt
1117 571 1304 635 acerrimos

352 678 388 741 in
413 675 606 750 castellum,
629 668 771 757 ¹quibus
796 675 997 738 resistentes
1022 672 1147 737 inclusi
1170 671 1305 754 lapides

353 785 388 842 et
414 777 484 841 tela
515 774 691 839 mortifera
721 796 784 858 pro
818 774 990 857 lapidibus
1023 780 1058 837 et
1081 771 1210 856 jaculis
1238 791 1303 854 pro

353 878 484 941 viribus
503 876 719 939 remiserunt.

427 1050 577 1130 Quomodo
591 1072 645 1114 reae
659 1048 784 1135 duplic
801 1049 995 1134 concrepabit
1008 1048 1183 1126 accercitum,
1198 1057 1233 1112 at

493 1150 667 1215 dissolveret
682 1148 863 1216 obsidimeem
877 1149 974 1213 contri
989 1147 1171 1213 Lincoleiae.

193 1292 342 1342 Preparations
406 1272 494 1338 Cum
509 1274 584 1339 baec
602 1274 726 1338 ibidem
741 1280 937 1355 agerentur,
954 1273 1152 1337 Willelmus
1170 1273 1306 1337 Mares-

192 1343 300 1433 'altili‘
355 1373 500 1453 challus,
517 1375 610 1456 regis
624 1380 740 1438 custos
754 1381 790 1438 et
803 1374 912 1455 regni,
930 1373 972 1437 de
986 1374 1129 1438 consilio
1142 1373 1302 1437 Walonis

354 1473 462 1556 legati
480 1481 515 1538 et
529 1474 639 1551 Petri,
649 1473 902 1538 Wintoniensis
919 1474 1083 1556 episcopi,
1098 1480 1133 1537 et
1145 1473 1303 1550 aliorum,

355 1593 502 1656 quorum
527 1574 670 1638 consilio
694 1574 792 1655 regni
818 1575 1026 1655 gerebantur
1048 1575 1200 1654 negotia,
1220 1573 1304 1637 lecit

355 1692 546 1739 convocare
568 1693 687 1738 omnes
710 1673 918 1738 castellanos
938 1673 982 1738 ad
1005 1692 1120 1756 regem
1143 1681 1304 1756 spectan-

355 1780 409 1837 tes
434 1780 470 1838 et
489 1774 628 1849 milites,
652 1774 711 1855 qui
737 1781 837 1838 erant
858 1775 893 1837 in
916 1773 1085 1854 praesidiis
1110 1782 1302 1838 castrorum

354 1875 565 1957 inpartibus
587 1874 744 1951 diversiS,
767 1874 971 1956 praecipiens
989 1880 1029 1938 ut
1044 1873 1130 1937 feria
1151 1873 1303 1938 secunda

354 1973 390 2036 in
404 1973 619 2039 bebdomada
635 1972 859 2039 Pentecostes
877 1974 968 2057 apud
987 1973 1023 2038 N
1025 1992 1135 2038 ewerc
1152 1973 1195 2036 ad
1211 1974 1303 2038 edic·

355 2082 428 2139 tum
460 2075 552 2156 regis
587 2074 822 2151 convenirent,
848 2082 884 2138 et
911 2073 1042 2156 pariter
1073 2093 1151 2137 cum
1185 2073 1303 2156 [ipsis]

354 2174 566 2239 obsidionem
590 2175 696 2239 castri
719 2174 969 2238 Lincolniensis
994 2172 1183 2239 dissolvere
1204 2173 1302 2238 labo·

355 2280 484 2338 rarent.
529 2273 580 2339 At
596 2274 659 2351 illi,
677 2274 800 2356 quibus
820 2273 944 2338 ardens
963 2273 1076 2338 inerat
1094 2271 1301 2338 desiderium

355 2373 484 2437 bellum
520 2393 700 2438 conserere
733 2392 809 2436 cum
848 2374 1073 2456 Francigeuis
1104 2393 1302 2438 excommu-

356 2473 481 2538 nicatis
510 2480 546 2538 et
568 2473 672 2537 etiam
704 2492 766 2555 pro
799 2475 913 2557 patria
944 2494 1111 2556 pugnare,
1135 2482 1304 2539 venerunt

356 2573 549 2655 gaudenter
577 2571 620 2637 ad
654 2573 743 2638 diem
775 2573 954 2657 praefixum
988 2581 1024 2638 et
1049 2575 1190 2654 locum3
1223 2594 1302 2638 cum

356 2674 482 2756 quibus
510 2673 630 2756 utique
659 2680 695 2738 et
719 2673 794 2756 ipse
826 2673 963 2755 legatus
991 2693 1068 2737 cum
1099 2675 1175 2738 aliis
1204 2675 1304 2756 regni

356 2775 510 2857 praelatis
531 2792 608 2837 cum
635 2774 733 2856 equis
761 2781 796 2839 et
818 2774 901 2838 viris
931 2773 1104 2838 bellicosis
1129 2774 1304 2857 apparuit,

357 2881 397 2938 ut
424 2875 499 2956 regi
531 2873 765 2939 inobedientes
797 2880 832 2937 et
861 2873 998 2937 domiuo
1027 2894 1127 2957 papae
1157 2874 1302 2939 rebelles

355 2972 515 3055 precibus
528 2974 791 3056 insequerentur
807 2981 841 3038 et
853 2974 958 3038 armis
970 2994 978 3054 ;
1002 2973 1197 3040 habuerunt
1210 2975 1302 3039 enim

351 3072 495 3155 justam,
524 3080 564 3138 ut
585 3074 652 3137 sibi
673 3073 867 3152 videbator,
894 3094 1046 3152 causam,
1073 3095 1152 3140 cum
1181 3074 1303 3159 praeci·

354 3192 422 3255 pue
447 3174 613 3238 innocens
643 3181 736 3238 esset
756 3182 792 3239 et
816 3176 916 3258 quasi
940 3194 961 3238 a
986 3183 1129 3258 peccato
1155 3176 1300 3253 alienus,

354 3290 456 3353 quem
478 3273 667 3338 adversarii
685 3274 759 3358 ejus
782 3275 1004 3340 exhaeredare
1028 3296 1090 3359 per
1106 3276 1303 3359 superbiam

354 3371 570 3438 laborabant.
617 3373 773 3457 Cumque
804 3395 922 3440 omnes
953 3377 990 3439 in
1017 3396 1123 3440 unum
1155 3376 1302 3439 fuissent

355 3474 569 3553 congregati,
603 3475 764 3538 recensiti
795 3481 877 3538 sunt
905 3475 941 3536 in
978 3477 1133 3539 exercitu
1175 3474 1301 3540 milites

347 3571 610 3655 quadringenti,
640 3573 809 3636 balistarii
836 3571 942 3635 ferme
968 3572 1107 3637 ducenti
1130 3575 1299 3658 qninqua-

353 3671 471 3752 ginta3
498 3673 687 3736 servientes
710 3690 846 3755 qnoque
870 3678 905 3736 et
927 3671 1061 3755 equites
1083 3680 1137 3738 tot
1155 3682 1190 3739 et
1210 3677 1299 3741 tales

344 3771 536 3836 «adfuerunt
556 3772 739 3847 innumeri,
761 3772 853 3854 quod
874 3771 967 3836 vices
990 3773 1137 3837 militum
1160 3785 1301 3856 possent

350 3890 414 3953 pro
438 3873 644 3935 necessitate
668 3871 840 3953 supplere.
893 3873 1072 3956 Principes
1101 3881 1217 3939 autem
1240 3894 1302 3938 ex·

344 3971 479 4034 -ercitus
501 3971 642 4035 suerunt
662 3970 858 4052 Willelmus
883 3972 1137 4038 Mareschallus
1160 3981 1194 4038 et
1210 3975 1301 4039 Wil-

385 4142 502 4201 ¹Quilua
524 4144 662 4196 resistentes
684 4142 807 4214 iactast]
835 4161 889 4196 was
908 4148 1035 4197 defended
1056 4150 1091 4210 by
1109 4164 1126 4198 a
1143 4150 1219 4199 noble
1239 4150 1301 4212 lady

349 4213 493 4265 Holinsbed
505 4220 583 4265 states
601 4216 656 4265 that
671 4218 713 4267 the
731 4219 809 4268 castle
835 4219 925 4267 named
938 4219 1049 4268 Nichola
1060 4219 1105 4282 [de
1117 4215 1264 4288 Camilla]
