2864 4866
331 397 397 463 alo
594 413 729 462 aoona1
753 413 800 460 nn
823 411 1032 460 wnunovna

172 587 228 628 nn.
238 587 295 626 12³4·
335 571 394 654 qui
416 576 456 633 nt
478 589 551 652 pax
574 570 672 634 fieret
689 569 800 635 modis
822 568 982 634 omnibus
1002 568 1215 651 suspirabat,
1237 570 1287 634 ie·

335 672 384 735 cit
405 689 598 735 convocare
628 689 690 753 per
718 670 837 734 literas
860 687 943 732 snas
965 669 1127 733 exulatos
1153 688 1286 745 omnes,

337 777 377 834 ut
392 769 551 834 venirent
569 769 661 852 apud
678 768 903 834 Gloverniam
922 768 1107 833 Dominica
1126 770 1288 850 proxima

336 876 417 933 ante
437 869 671 933 ascensionem
690 868 844 945 Domini,
869 874 994 950 quarto
1016 868 1149 931 scilicet
1165 866 1287 932 kalen-

335 968 399 1031 das
415 967 440 1032 J
441 968 525 1045 unii,
551 969 595 1031 ad
621 968 838 1052 colloquium,
858 967 1030 1049 recepturi
1045 966 1184 1049 plenam
1205 987 1286 1050 gra-

336 1068 421 1132 tiam
444 1066 554 1150 ipsins
577 1075 662 1133 cnm-
678 1066 936 1132 haereditatibus
959 1065 1058 1146 suis3
1087 1073 1125 1130 et
1145 1065 1212 1131 hoc
1234 1067 1287 1130 fa·

337 1174 455 1231 cerent
475 1168 568 1231 omni
590 1167 785 1250 suspicione
805 1170 955 1242 remota„
969 1166 1034 1228 sub
1052 1165 1151 1230 salvo
1173 1165 1286 1230 archi·

337 1266 491 1349 episcopi
518 1272 554 1330 et
583 1267 822 1350 episcoporum
851 1258 1053 1329 ¹conductu.
1106 1264 1287 1330 Venerunt

337 1385 421 1447 ergo
440 1359 503 1429 ²ad
520 1385 640 1448 pacem
658 1365 763 1447 regis,
776 1365 1007 1429 mediantibus
1027 1362 1287 1447 archiepiscopo

338 1472 374 1529 et
393 1465 574 1547 episcopis,
598 1464 780 1530 Hubertus
801 1465 844 1528 de
867 1464 999 1545 Burgo,
1014 1461 1156 1546 Anghae
1177 1484 1286 1546 quon-

338 1563 418 1627 dam
450 1558 693 1646 ³jnsticiarius,
725 1562 903 1628 Gilbertus
935 1564 1062 1627 Basset
1094 1569 1130 1627 et
1160 1563 1287 1628 fratres

338 1663 427 1747 ejus,
455 1663 652 1727 Richardus
678 1663 815 1740 Sinard,
838 1683 915 1726 cum
937 1663 1094 1731 omnibus
1122 1663 1286 1745 quicum

338 1762 393 1825 eis
409 1769 444 1826 et
460 1782 524 1844 pro
546 1764 596 1826 eis
617 1763 653 1826 in
676 1764 817 1826 exilium
839 1763 977 1826 fuerant
993 1762 1203 1844 pulsisquos
1224 1782 1286 1826 rex

338 1861 375 1924 in
394 1862 513 1925 osculo
537 1863 633 1945 pacis
650 1863 817 1946 recipiens
837 1861 985 1926 reddidit
1002 1861 1052 1924 eis
1072 1861 1188 1924 omnia
1204 1859 1286 1945 jura

339 1979 417 2037 sua,
440 1960 562 2043 quinto
584 1961 751 2026 kalendas
773 1961 883 2026 Junii.
936 1961 983 2024 Et
1007 1961 1044 2023 in
1070 1960 1190 2025 eodem
1213 1960 1286 2024 col·

338 2059 456 2142 loquio
487 2060 583 2124 venit
615 2060 659 2125 ad
697 2079 813 2143 regem
842 2059 1057 2136 Gilebertum
1082 2059 1190 2123 frater
1224 2059 1288 2124 Ri-

338 2157 457 2221 chardi
489 2160 625 2223 comitis
660 2159 876 2237 Marescalli,
910 2166 1108 2242 protestans
1139 2165 1285 2224 mortem

338 2256 456 2332 fratris
481 2259 548 2336 sni,
569 2266 605 2323 et
622 2259 813 2342 postulavit
829 2260 873 2323 ab
890 2278 943 2334 eo,
961 2266 1001 2322 ut
1016 2258 1129 2341 ipsum
1152 2257 1189 2323 in
1212 2256 1285 2345 hae:

338 2356 484 2421 reditate
509 2376 574 2420 sua
596 2359 776 2440 reciperet,
798 2358 943 2422 offerens
962 2357 1161 2439 homagium
1183 2374 1285 2421 suum

338 2454 412 2535 regi
433 2462 469 2519 et
490 2457 653 2538 quicquid
676 2459 708 2520 ei
730 2463 770 2521 nt
792 2457 931 2522 domino
954 2456 1068 2520 facere
1089 2457 1284 2522 tenebatur.

338 2552 438 2616 Tunc
467 2574 543 2631 rex,
571 2556 816 2620 cumconsilio
845 2555 1106 2639 archiepiscopi,
1135 2555 1287 2620 reddidit

337 2652 370 2714 ei
391 2651 626 2718 haereditatem
650 2673 748 2718 suam
768 2662 877 2720 totam
891 2664 964 2719 tam
981 2656 1016 2718 in
1033 2652 1165 2736 Anglia
1180 2674 1285 2738 quam

338 2750 375 2812 in
399 2749 581 2829 Hibernia,
609 2760 644 2818 et
665 2754 863 2837 homagium
891 2754 968 2838 ejus
995 2754 1147 2835 recepit;
1180 2761 1287 2836 atque

337 2849 525 2931 posthaec,
552 2853 589 2915 in
611 2853 665 2917 die
692 2852 929 2930 Pentecostes,
952 2853 1044 2935 apud
1065 2853 1285 2934 Wigorniam

337 2949 483 3012 eundem
501 2949 715 3017 Gilebertum
731 2953 870 3035 cingulo
884 2953 1025 3017 militari
1042 2951 1198 3029 donavit,
1215 2960 1286 3017 tra·

336 3048 422 3112 dens
437 3051 469 3113 ei
486 3051 621 3132 virgam
635 3053 867 3117 marescalciae
881 3053 985 3115 curiae
1001 3070 1086 3128 suae,
1103 3051 1194 3116 sicut
1209 3071 1285 3115 eam

338 3155 574 3213 antecessores
590 3151 714 3214 melius
738 3158 774 3215 et
790 3151 932 3216 liberius
947 3151 1153 3214 habuerunt.
1207 3149 1287 3214 Hn-

372 3346 536 3414 ¹Condactu.]
553 3351 590 3400 At
602 3353 654 3402 this
668 3355 740 3414 point
755 3355 798 3404 the
822 3354 925 3405 become
941 3359 1083 3407 reconciled
1099 3363 1127 3407 to
1146 3359 1188 3408 his
1207 3359 1286 3410 disai-

337 3419 437 3470 Cotton.
448 3421 505 3469 MS.
516 3420 546 3469 oi
559 3422 636 3472 Matt.
651 3424 735 3485 Paris,
747 3425 798 3473 col-
822 3425 905 3474 feeted
915 3427 1003 3476 nobles
1019 3428 1070 3476 and
1086 3429 1199 3477 restored
1215 3430 1283 3478 them

336 3488 405 3538 lated
431 3491 465 3550 by
484 3489 566 3552 Wats,
587 3490 634 3540 has
655 3492 799 3543 ‘Dominus
821 3492 887 3544 their
902 3500 1030 3558 property,
1045 3503 1073 3547 at
1082 3492 1125 3546 the
1141 3512 1210 3547 same
1224 3499 1284 3548 time

337 3558 452 3621 Rogerus
462 3559 495 3608 de
505 3560 656 3623 Wendovre,
672 3562 741 3624 prior
751 3564 798 3612 ali·
822 3565 914 3627 urging
936 3565 988 3614 him
1008 3571 1034 3615 to
1056 3567 1141 3616 confer
1158 3568 1222 3617 with
1241 3569 1284 3618 the

336 3629 437 3688 quando
452 3630 485 3678 de
503 3630 632 3693 Beluvoir‚
646 3631 697 3680 huc
715 3647 797 3695 usque
822 3634 972 3696 archbishop
986 3636 1036 3684 and
1054 3636 1158 3699 bishops
1173 3643 1286 3700 respect-

335 3696 453 3748 chronica
461 3698 575 3765 suauhaec
586 3696 708 3762 digessit?
743 3702 797 3751 The
821 3704 865 3765 ing
884 3718 972 3768 peace,
990 3720 1034 3755 are
1053 3707 1080 3754 in
1099 3706 1203 3771 Rymer,
1221 3708 1241 3757 i.
1256 3723 1283 3770 p.

335 3766 478 3816 Wendover
488 3768 797 3832 MS.however‚collated
821 3776 878 3823 212.

335 3835 370 3895 by
386 3835 441 3884 that
455 3838 546 3898 editor,
562 3840 692 3889 continues
709 3845 736 3890 to
753 3842 796 3891 the
856 3839 1056 3907 manaurae]
1074 3844 1150 3894 Paris
1165 3846 1257 3896 inserts
1267 3862 1284 3896 a

335 3918 404 3953 same
415 3906 503 3966 period
513 3907 576 3955 with
586 3923 634 3957 our
643 3921 709 3961 own.
820 3926 888 3961 more
905 3912 1057 3974 lengthened
1073 3920 1182 3964 account
1197 3917 1227 3965 of
1240 3916 1283 3965 the

371 3971 427 4023 ’Λᾶ
440 3990 522 4038 pacem
538 3978 627 4041 regia]
643 3980 697 4028 The
711 3975 796 4042 hing’s
820 3976 904 4044 king’s
923 3984 1032 4045 meeting
1050 3983 1113 4031 with
1132 3984 1235 4034 Hubert
1251 3987 1284 4036 de

333 4042 794 4111 letterstoLlewellyn,informinghim
822 4051 918 4114 burgh,
940 4053 1003 4100 with
1032 4053 1073 4100 the
1096 4053 1188 4103 details
1215 4053 1245 4103 of
1267 4070 1284 4104 a

332 4111 397 4174 that,
407 4114 515 4177 through
527 4116 570 4165 the
578 4117 714 4168 mediation
720 4119 750 4167 oi
752 4120 795 4168 the
821 4121 941 4170 visiones
954 4137 970 4171 a
986 4123 1091 4172 crucilia
1102 4122 1157 4172 that
1172 4124 1223 4173 had
1234 4123 1285 4174 sor·

333 4183 483 4246 archbishop
491 4185 520 4234 of
528 4185 735 4250 Canterbury‚he
743 4190 794 4239 had
820 4190 898 4250 merly
910 4192 1037 4252 appeared
1048 4196 1074 4240 lo
1084 4191 1146 4242 him.
