2864 4866
378 432 517 481 rnonns
541 431 813 484 ursroarnrnn.
1001 421 1067 486 273

174 665 224 730 Do
238 665 426 750 ohffidotioooo
442 665 628 731 Moroscclli
640 676 668 730 ot
684 664 837 731 obsidione
853 664 1016 751 cujusdam

473 766 591 831 castelli
604 766 714 851 ipsios.

163 890 219 967 Et,
233 890 287 954 his
302 890 353 955 ita
366 892 486 972 gestie,
500 910 576 968 rex,
587 890 630 954 de
641 891 785 956 consilio
794 892 949 974 episcopi
960 892 1062 957 Win-
1075 911 1129 952 uo.
1141 914 1196 974 ross.

112 990 292 1065 tonicnsis,
320 990 565 1056 Marescallum
590 989 758 1055 diffidavit
781 1012 842 1074 per
862 993 1061 1075 episcopum
1074 963 1198 1053 ilidii,

112 1089 368 1167 Menevensem,
391 1090 492 1155 etsie
510 1091 619 1175 jussit
636 1098 758 1155 contra
776 1111 853 1155 eum
871 1112 969 1156 arma
986 1114 1061 1158 mo·
1073 1063 1223 1155 iiiiii*

111 1209 193 1254 vere
214 1198 250 1255 et
265 1191 341 1275 ejus
364 1191 508 1256 castella
530 1191 697 1255 obsidere.
743 1191 927 1273 Ingressus
953 1193 1062 1276 igitur

112 1309 175 1354 rex
197 1298 324 1355 terram
346 1292 481 1355 comitis
504 1291 704 1357 Marescalli
725 1292 861 1357 obsedit
885 1293 1061 1376 quoddam

112 1391 291 1455 castellum
320 1390 440 1474 ipsius,
470 1391 570 1474 cujus
602 1410 726 1456 nomen
754 1412 823 1455 non
852 1400 965 1471 teneo,
999 1394 1060 1457 sed

111 1508 190 1554 cum
203 1511 265 1573 per
281 1490 355 1555 dies
372 1491 538 1574 plurimos
552 1491 638 1555 illud
653 1492 806 1573 graviter
820 1493 1060 1574 impugnasset

114 1596 149 1653 et
168 1610 289 1672 parum
310 1592 368 1657 vel
393 1592 477 1655 nihil
497 1591 710 1675 profecisset,
737 1591 973 1656 deficientibus
1000 1614 1060 1658 ex-

113 1690 235 1755 ercitui
256 1692 441 1770 alimentis,
464 1711 542 1756 cum
566 1691 778 1755 obsidionem
803 1691 938 1756 solvere
958 1713 1059 1775 opor·

111 1790 219 1867 tebet,
245 1792 369 1873 puduit
390 1811 505 1873 regem
529 1791 612 1854 illuc
631 1792 788 1871 venisse3
819 1792 922 1869 unde,
945 1793 1059 1857 missis

113 1891 318 1972 quibusdam
346 1890 518 1974 episcopis
545 1890 589 1954 ad
616 1891 777 1955 comitem
801 1891 1059 1969 Marescallum,

111 1991 231 2073 exegit
252 1992 296 2054 ab
322 2010 375 2067 co,
401 1998 572 2072 quatenus
596 1997 738 2074 propter
762 1990 926 2054 honorem
949 1992 1059 2075 ipsius

111 2091 215 2173 regis,
237 2111 280 2155 ne
301 2091 475 2155 videretur
497 2090 677 2153 castellum
700 2092 849 2155 inaniter
873 2091 1058 2170 obsedisse,

110 2190 195 2254 illud
215 2191 280 2255 sibi
296 2192 359 2256 tali
380 2189 607 2255 conventione
629 2190 797 2268 redderet,
820 2199 859 2254 ut
876 2191 967 2254 infra
985 2193 1059 2256 dies

112 2290 305 2373 quindecim
327 2291 412 2355 illud
432 2290 605 2372 integrum
622 2290 690 2373 ipsi
710 2292 907 2355 restitueret
923 2291 1058 2356 Mares·

110 2389 213 2468 callo,
240 2398 344 2474 atque
369 2391 497 2468 omnia,
528 2410 607 2474 quae
632 2391 669 2454 in
698 2410 805 2472 regno
828 2399 928 2456 erant
951 2393 1058 2456 corri-

109 2490 235 2572 genda,
265 2491 401 2555 interim
428 2511 490 2573 per
516 2490 696 2554 consilium
722 2492 971 2573 episcopcrum,
997 2493 1058 2574 qui

110 2608 216 2673 super
240 2590 295 2653 his
322 2588 543 2674 fidejussores
568 2590 717 2667 fuerant,
746 2591 956 2655 emendaret.
1010 2592 1057 2659 Et

109 2689 234 2755 adhoc
250 2689 495 2773 perficiendum
512 2690 692 2755 constituit
709 2709 770 2752 rex
788 2690 878 2754 diem
894 2690 962 2773 ipsi
978 2691 1016 2753 M
1019 2711 1059 2754 a-

109 2788 254 2854 rescallo
280 2808 321 2853 ac
351 2790 485 2854 caeteris
511 2788 661 2853 exulatis
686 2789 871 2853 Dominica
897 2791 1056 2872 proxime

108 2897 189 2972 post
211 2890 337 2954 festum
362 2889 474 2953 sancti
495 2889 679 2953 Michaelis
701 2888 793 2971 apud
814 2887 1055 2953 Wcstmonas-

109 2989 254 3071 terium;
277 2988 376 3055 etsie
395 2989 567 3054 redditum
585 2996 640 3054 est
655 2989 731 3072 regi
752 2989 945 3068 castellum,
965 2992 1055 3055 obsi-

108 3088 211 3155 dione
227 3089 354 3156 soluta.

291 3266 341 3331 Do
354 3265 532 3332 dieram
547 3264 683 3331 Habenti
696 3266 733 3330 do
750 3266 866 3350 Borpo.

159 3388 261 3455 Circa
286 3391 360 3456 dics
382 3393 469 3456 istos
496 3391 634 3468 Petrus,
649 3388 901 3454 wintoniensis
926 3389 1181 3472 episco-aapo

106 3508 185 3571 pus,
208 3490 268 3573 qui
293 3490 404 3555 modis
426 3490 583 3557 omnibus
610 3489 647 3552 in
668 3497 811 3553 mortem
837 3487 987 3554 Huberti
1012 3463 1196 3565 dessiiiffli

108 3588 229 3672 Burgo
244 3592 434 3675 aspirabat,
447 3590 507 3674 qui
525 3591 561 3655 in
582 3597 697 3655 castro
714 3588 757 3652 de
771 3587 904 3652 Divisis
927 3589 964 3651 in
978 3589 1054 3653 vin-

106 3688 194 3753 culis
211 3692 403 3767 tenebatur,
415 3690 511 3754 nulla
526 3690 568 3755 dc
586 3689 746 3753 Huberto
763 3689 934 3752 mentione
949 3687 1054 3766 lacta,

106 3807 222 3870 regem
240 3791 379 3872 rogavit
395 3790 574 3866 attentius,
592 3795 632 3852 nt
645 3788 846 3852 concederet
860 3789 926 3852 sibi
948 3790 1054 3853 castri

105 3889 299 3954 custodiam
326 3889 520 3967 memorati,
542 3881 624 3952 ¹hac
651 3889 830 3952 occasione
854 3887 991 3966 ductus,
1014 3899 1054 3953 ut

106 3989 243 4070 copiam
266 3990 408 4055 haberet
434 3989 544 4067 illum,
574 3988 665 4052 sicut
691 3987 828 4065 dicitur,
852 3988 1052 4071 perimendi.

246 4206 319 4262 1Ηασ
329 4211 449 4262 mensim
459 4203 569 4279 ductus]
587 4207 681 4258 Annal.
688 4207 800 4257 Waverl.
810 4221 838 4268 p.
849 4208 907 4254 195.

157 4284 237 4375 vot.
256 4324 305 4374 ιν.
423 4298 425 4302 ’
881 4319 904 4364 r
