2864 4866
405 410 542 458 neonus
567 395 1089 460 promuntunum

143 567 236 630 venit
270 567 458 647 civitatem,
495 572 554 634 ubi
585 576 850 635 castrametatus
881 569 927 632 ibi
957 589 1087 634 moram
1101 584 1223 684 onega-u

141 669 314 748 protraxit
328 689 395 732 non
413 670 594 747 modicam,
612 677 650 734 ut
663 689 885 752 progressum
902 671 993 750 regis
1011 669 1085 734 Αιι-
1098 635 1229 725 irioni-³⁰⁰

141 767 302 847 glorum
293 788 328 830 m
346 769 539 834 Pictaviam
556 770 772 853 praepediret.
819 769 900 833 Rex
916 789 998 833 vero
1014 768 1086 834 An-
1098 740 1172 784 ω

141 867 275 946 glorurn
292 869 372 931 dum
394 870 487 952 apud
503 871 622 933 urbem
640 869 900 933 Nannetensem
921 871 1086 953 majorem

141 969 367 1048 exspectabat
381 969 494 1033 adhuc
512 988 689 1033 numerum
707 989 751 1032 ex
769 969 913 1033 diversis
929 971 1086 1052 partibus

140 1065 400 1131 adventantium
430 1077 652 1147 armatorum,
679 1089 742 1133 rex
769 1070 979 1133 Francorum
1008 1090 1085 1134 cum

140 1168 294 1232 exercitu
308 1186 372 1232 suo
382 1169 554 1251 quoddam
567 1169 678 1232 debile
692 1169 914 1252 municipium
925 1163 1085 1234 lHodum

141 1267 352 1348 appellatum
371 1269 517 1346 obsedit,
535 1268 626 1352 quod
647 1270 691 1332 ab
708 1270 791 1333 urbe
813 1269 984 1334 Nannetis
1002 1289 1086 1353 qua-

140 1372 219 1430 tuor
240 1367 347 1432 leucis
367 1370 427 1432 vix
442 1369 604 1445 distabat,
629 1377 733 1452 atque
757 1369 827 1432 levi
847 1377 974 1433 conatu
999 1370 1085 1433 illud

140 1467 232 1548 cepit
252 1474 288 1531 et
303 1469 485 1546 subvertit,
502 1469 597 1533 etad
612 1468 900 1551 Andegavensem
921 1469 1022 1533 rediit
1039 1470 1084 1533 ci·

140 1566 292 1631 vitatem.
350 1568 480 1633 Eodem
505 1589 596 1633 anno
621 1569 715 1633 facta
738 1576 791 1634 est
814 1562 967 1652 ²eclipsis
989 1570 1084 1646 solis,

140 1674 261 1730 contra
288 1688 416 1733 morem
442 1669 594 1746 solitum,
616 1689 750 1733 summo
776 1689 877 1732 mane
903 1669 1083 1734 confestim

140 1773 219 1848 post
238 1774 351 1832 ortum
376 1788 489 1845 suum,
504 1770 614 1852 pridie
633 1768 712 1832 idus
731 1769 830 1845 Maii,
852 1770 887 1832 in
912 1769 1083 1850 Rogatio-

140 1867 253 1944 nibus,
289 1869 422 1933 scilicet
451 1869 537 1934 feria
566 1869 679 1946 tertia,
711 1869 763 1931 ita
795 1869 886 1949 quod
921 1868 1084 1950 agricolae

139 1968 257 2031 etalii
284 1969 397 2047 multi,
434 1969 569 2041 labores
603 1987 705 2032 mane
735 1967 916 2031 inchoatos
944 1975 1084 2051 propter

138 2066 278 2131 nimiam
309 2069 552 2134 obscuritatem
585 2069 831 2151 relinquentes,
852 2074 999 2132 stratum
1029 2085 1083 2130 re·

138 2175 255 2250 petere
283 2175 320 2232 et
345 2188 421 2234 sese
443 2170 568 2234 iterum
597 2168 714 2252 sopori
739 2168 822 2232 dare
846 2167 1084 2244 decreverunt,

140 2267 199 2332 sed
214 2269 365 2346 tandem,
381 2270 481 2351 quasi
496 2277 577 2353 post
590 2269 692 2332 unius
710 2268 804 2331 horae
818 2269 981 2351 spatium,
997 2267 1085 2330 mul-

138 2368 183 2432 tis
204 2368 464 2446 admirantibus
482 2370 535 2433 sol
552 2376 753 2434 consuetam
774 2368 924 2433 obtinuit
944 2367 1083 2432 clarita-

138 2474 219 2532 tem.
280 2468 411 2533 Eodem
434 2476 588 2553 tempore
613 2463 704 2532 ³dux
733 2468 907 2545 Senoniae,
932 2475 967 2532 et
991 2469 1083 2550 regis

137 2566 331 2649 Anglorum
353 2571 641 2652 consanguineus,
659 2569 801 2633 veniens
822 2568 858 2631 in
880 2567 1044 2649 Angliam
1061 2587 1084 2631 a

138 2668 270 2732 civibus
295 2668 570 2733 Londinensibns
594 2668 781 2734 honorifice
804 2675 985 2750 susceptus
1007 2675 1082 2745 est3

137 2775 211 2833 erat
229 2775 345 2832 autem
364 2768 454 2833 idem
473 2769 545 2833 dux
564 2770 667 2834 bomo
684 2774 792 2832 tantae
813 2768 1031 2851 proceritatis
1049 2775 1085 2831 et

138 2867 376 2950 longitudinis,
403 2877 455 2946 ut,
485 2871 618 2935 cunctis
650 2868 898 2932 admirantibus
926 2874 963 2932 et
984 2868 1085 2950 quasi

138 2968 182 3031 ad
213 2969 448 3051 spectaculum
471 2970 741 3046 accurrentibus,
759 2968 871 3032 visum
900 2987 945 3031 ex
972 2967 1083 3050 ipsius

137 3068 265 3133 intuitu
288 3070 490 3134 refecerunt.

268 3241 318 3305 De
332 3240 551 3307 discordiu‘t
503 3250 551 3305 aut
550 3262 584 3304 er
596 3239 723 3306 barones
741 3240 853 3306 Gallia
870 3249 948 3304 ortu.

189 3364 378 3429 Habebunt
391 3385 528 3449 quoque
544 3364 608 3428 hoc
623 3371 776 3448 tempore
793 3383 951 3446 guerram
971 3362 1040 3426 ad
1030 3383 1084 3425 ιιι-
1097 3386 1241 3486 Βξέξὲξιοῐηῶ

139 3466 249 3531 vicem
277 3484 395 3529 omnes
427 3466 498 3530 fere
525 3471 706 3546 magnates
733 3463 871 3541 Galliae,
900 3463 990 3526 sicut
1011 3450 1110 3524 dux
1098 3489 1180 3527 rann

1098 3540 1181 3578 barons.

183 3640 310 3691 ¹Hodnm
336 3637 514 3708 appellatum]
543 3636 611 3690 The
622 3640 723 3702 hands;
741 3640 802 3690 Rec.
820 3640 866 3689 des
883 3640 952 3688 Hist.
970 3644 1030 3688 tom.
1040 3655 1085 3690 xx.

139 3713 230 3762 castles
252 3712 282 3761 of
300 3712 393 3762 Oudon
415 3712 466 3760 and
487 3712 597 3760 Chanto-
622 3727 649 3773 p.
662 3714 717 3760 319.

136 3798 219 3833 ceanx
234 3797 302 3831 were
318 3782 404 3842 taken,
420 3782 556 3843 according
571 3786 597 3830 to
668 3778 804 3844 ⁹Eclipriu
825 3774 917 3847 colia]
947 3779 1086 3842 Calvisius,

137 3854 247 3915 Nangis,
257 3852 284 3901 in
294 3853 336 3902 the
344 3852 481 3913 preceding
490 3867 565 3913 year;
578 3852 598 3899 it
625 3850 775 3913 chronolog.
787 3866 813 3912 p.
826 3854 901 3900 3⁰21

136 3938 190 3973 was
205 3938 274 3984 upon
286 3922 328 3971 the
340 3921 430 3984 taking
445 3921 474 3970 oi
487 3921 530 3969 the
546 3921 592 3968 lat·
659 3917 743 3970 ³an
764 3915 916 3986 Souania]
938 3919 1029 3968 Albert
1045 3919 1085 3980 I.;

135 3998 182 4056 ter,
203 3992 339 4054 according
356 3995 382 4040 to
400 3992 443 4039 the
466 4004 534 4040 rame
553 4005 599 4039 au·
624 3990 657 4039 he
679 3990 819 4040 succeeded
846 3990 886 4038 his
910 3989 1001 4050 father,
1025 3990 1086 4038 Ber·

135 4064 239 4124 thority,
247 4062 302 4111 that
312 4062 355 4111 the
367 4062 422 4112 eorl
430 4060 600 4122 oiBritanny,
625 4062 689 4110 nard
702 4061 764 4122 111,
783 4062 810 4108 in
826 4064 899 4120 1212,
917 4058 967 4108 and
984 4058 1044 4107 died
1061 4059 1087 4106 in

136 4133 281 4183 armnished
296 4138 324 4181 at
334 4131 376 4180 the
387 4126 471 4194 king’s
489 4145 601 4191 success,
627 4134 701 4180 126⁰.
718 4131 760 4179 He
769 4130 876 4179 married
886 4129 981 4191 Helen,
989 4127 1088 4189 daugh-

136 4203 302 4253 sumendered
336 4200 440 4251 himself
474 4201 527 4249 into
561 4201 601 4249 his
627 4207 665 4250 ter
675 4200 703 4249 oi
712 4200 789 4263 Otho,
800 4201 870 4250 duke
881 4199 911 4247 of
925 4197 1088 4247 Brunswick.

941 4287 982 4331 1³2
