<?xml version="1.0" encoding="UTF-8"?>
<!DOCTYPE html PUBLIC "-//W3C//DTD XHTML 1.0 Transitional//EN"
    "http://www.w3.org/TR/xhtml1/DTD/xhtml1-transitional.dtd">
<html xmlns="http://www.w3.org/1999/xhtml" xml:lang="en" lang="en">
 <head>
  <title>
</title>
<meta http-equiv="Content-Type" content="text/html;charset=utf-8" />
  <meta name='ocr-system' content='tesseract 3.04.00' />
  <meta name='ocr-capabilities' content='ocr_page ocr_carea ocr_par ocr_line ocrx_word'/>
</head>
<body>
  <div class='ocr_page' id='page_1' title='image "./rogeridewendove03rogegoog_0067.png"; bbox 0 0 2864 4866; ppageno 0'>
   <div class='ocr_carea' id='block_1_1' title="bbox 184 791 323 942">
    <p class='ocr_par' dir='ltr' id='par_1_1' title="bbox 184 791 323 942">
     <span class='ocr_line' id='line_1_1' title="bbox 185 791 309 831; baseline -0.008 0"><span class='ocrx_word' id='word_1_1' title='bbox 185 792 241 831; x_wconf 73' lang='lat' dir='ltr'>Ab.</span> <span class='ocrx_word' id='word_1_2' title='bbox 252 791 309 830; x_wconf 72' lang='lat' dir='ltr'>itit.</span> 
     </span>
     <span class='ocr_line' id='line_1_2' title="bbox 185 842 323 881; baseline -0.007 0"><span class='ocrx_word' id='word_1_3' title='bbox 185 842 244 881; x_wconf 80' lang='lat' dir='ltr'>State</span> <span class='ocrx_word' id='word_1_4' title='bbox 253 843 276 881; x_wconf 89' lang='lat' dir='ltr'>ot</span> <span class='ocrx_word' id='word_1_5' title='bbox 285 842 323 881; x_wconf 86' lang='lat' dir='ltr'>the</span> 
     </span>
     <span class='ocr_line' id='line_1_3' title="bbox 184 893 288 942; baseline 0 -10"><span class='ocrx_word' id='word_1_6' title='bbox 184 893 288 942; x_wconf 74' lang='lat' dir='ltr'>besieged.</span> 
     </span>
    </p>
   </div>
   <div class='ocr_carea' id='block_1_2' title="bbox 346 396 1032 460">
    <p class='ocr_par' dir='ltr' id='par_1_2' title="bbox 346 396 1032 460">
     <span class='ocr_line' id='line_1_4' title="bbox 346 396 1032 460; baseline -0.009 0"><span class='ocrx_word' id='word_1_7' title='bbox 346 396 390 460; x_wconf 80' lang='grc'>56</span> <span class='ocrx_word' id='word_1_8' title='bbox 594 408 729 457; x_wconf 83' lang='lat' dir='ltr'>nnunnr</span> <span class='ocrx_word' id='word_1_9' title='bbox 754 409 800 456; x_wconf 85' lang='lat' dir='ltr'>nn</span> <span class='ocrx_word' id='word_1_10' title='bbox 824 407 1032 457; x_wconf 78' lang='lat' dir='ltr'>wannovna</span> 
     </span>
    </p>
   </div>
   <div class='ocr_carea' id='block_1_3' title="bbox 426 539 1282 708">
    <p class='ocr_par' dir='ltr' id='par_1_3' title="bbox 426 539 1282 708">
     <span class='ocr_line' id='line_1_5' title="bbox 426 539 1282 629; baseline -0.001 -21"><span class='ocrx_word' id='word_1_11' title='bbox 426 545 475 608; x_wconf 86' lang='lat' dir='ltr'>De</span> <span class='ocrx_word' id='word_1_12' title='bbox 489 542 678 608; x_wconf 75' lang='lat' dir='ltr'>mortalitate</span> <span class='ocrx_word' id='word_1_13' title='bbox 692 565 754 628; x_wconf 83' lang='lat' dir='ltr'>qua</span> <span class='ocrx_word' id='word_1_14' title='bbox 769 540 984 629; x_wconf 77' lang='lat' dir='ltr'>afflipelantur</span> <span class='ocrx_word' id='word_1_15' title='bbox 998 540 1113 606; x_wconf 82' lang='lat' dir='ltr'>inclusi</span> <span class='ocrx_word' id='word_1_16' title='bbox 1128 539 1216 607; x_wconf 74' lang='lat' dir='ltr'>arta</span> <span class='ocrx_word' id='word_1_17' title='bbox 1279 560 1282 565; x_wconf 88' lang='grc'><em>·</em></span> 
     </span>
     <span class='ocr_line' id='line_1_6' title="bbox 734 645 900 708; baseline -0.006 0"><span class='ocrx_word' id='word_1_18' title='bbox 734 645 900 708; x_wconf 79' lang='lat' dir='ltr'>Damtetae.</span> 
     </span>
    </p>
   </div>
   <div class='ocr_carea' id='block_1_4' title="bbox 349 759 1306 4048">
    <p class='ocr_par' dir='ltr' id='par_1_4' title="bbox 349 759 1306 4048">
     <span class='ocr_line' id='line_1_7' title="bbox 409 759 1300 842; baseline -0.003 -16"><span class='ocrx_word' id='word_1_19' title='bbox 409 761 513 826; x_wconf 94' lang='lat' dir='ltr'>Nunc</span> <span class='ocrx_word' id='word_1_20' title='bbox 545 768 661 826; x_wconf 90' lang='lat' dir='ltr'>autem</span> <span class='ocrx_word' id='word_1_21' title='bbox 694 760 735 825; x_wconf 93' lang='lat' dir='ltr'>de</span> <span class='ocrx_word' id='word_1_22' title='bbox 768 760 822 824; x_wconf 88' lang='lat' dir='ltr'>his</span> <span class='ocrx_word' id='word_1_23' title='bbox 854 780 933 842; x_wconf 86' lang='lat' dir='ltr'>quae</span> <span class='ocrx_word' id='word_1_24' title='bbox 960 759 995 822; x_wconf 92' lang='lat' dir='ltr'>in</span> <span class='ocrx_word' id='word_1_25' title='bbox 1026 759 1167 825; x_wconf 90' lang='lat' dir='ltr'>civitate</span> <span class='ocrx_word' id='word_1_26' title='bbox 1196 765 1300 841; x_wconf 83' lang='lat' dir='ltr'>gesta</span> 
     </span>
     <span class='ocr_line' id='line_1_8' title="bbox 349 855 1299 945; baseline -0.005 -18"><span class='ocrx_word' id='word_1_27' title='bbox 349 869 431 927; x_wconf 90' lang='lat' dir='ltr'>sunt</span> <span class='ocrx_word' id='word_1_28' title='bbox 456 862 586 945; x_wconf 90' lang='lat' dir='ltr'>aliquid</span> <span class='ocrx_word' id='word_1_29' title='bbox 614 862 814 926; x_wconf 87' lang='lat' dir='ltr'>reseramus.</span> <span class='ocrx_word' id='word_1_30' title='bbox 869 855 1050 924; x_wconf 84' lang='lat' dir='ltr'>¹Darnieta</span> <span class='ocrx_word' id='word_1_31' title='bbox 1077 861 1185 942; x_wconf 84' lang='lat' dir='ltr'>igitur</span> <span class='ocrx_word' id='word_1_32' title='bbox 1207 860 1299 925; x_wconf 87' lang='lat' dir='ltr'>obsi-</span> 
     </span>
     <span class='ocr_line' id='line_1_9' title="bbox 349 960 1299 1044; baseline -0.004 -17"><span class='ocrx_word' id='word_1_33' title='bbox 349 963 451 1027; x_wconf 86' lang='lat' dir='ltr'><strong>dione</strong></span> <span class='ocrx_word' id='word_1_34' title='bbox 475 962 593 1044; x_wconf 81' lang='lat' dir='ltr'>longa,</span> <span class='ocrx_word' id='word_1_35' title='bbox 612 962 714 1037; x_wconf 88' lang='lat' dir='ltr'>ferro,</span> <span class='ocrx_word' id='word_1_36' title='bbox 735 962 836 1038; x_wconf 88' lang='lat' dir='ltr'>fame,</span> <span class='ocrx_word' id='word_1_37' title='bbox 857 967 892 1025; x_wconf 92' lang='lat' dir='ltr'>et</span> <span class='ocrx_word' id='word_1_38' title='bbox 911 960 1110 1043; x_wconf 85' lang='lat' dir='ltr'>pestilentia</span> <span class='ocrx_word' id='word_1_39' title='bbox 1131 961 1299 1042; x_wconf 84' lang='lat' dir='ltr'>graviter,</span> 
     </span>
     <span class='ocr_line' id='line_1_10' title="bbox 350 1060 1297 1144; baseline -0.003 -18"><span class='ocrx_word' id='word_1_40' title='bbox 350 1068 386 1127; x_wconf 91' lang='lat' dir='ltr'>et</span> <span class='ocrx_word' id='word_1_41' title='bbox 411 1064 504 1127; x_wconf 91' lang='lat' dir='ltr'>ultra</span> <span class='ocrx_word' id='word_1_42' title='bbox 533 1082 637 1144; x_wconf 90' lang='lat' dir='ltr'>quam</span> <span class='ocrx_word' id='word_1_43' title='bbox 669 1061 762 1126; x_wconf 89' lang='lat' dir='ltr'>credi</span> <span class='ocrx_word' id='word_1_44' title='bbox 787 1062 842 1125; x_wconf 89' lang='lat' dir='ltr'>vel</span> <span class='ocrx_word' id='word_1_45' title='bbox 870 1061 974 1125; x_wconf 87' lang='lat' dir='ltr'>scribi</span> <span class='ocrx_word' id='word_1_46' title='bbox 1002 1060 1125 1143; x_wconf 89' lang='lat' dir='ltr'>possit,</span> <span class='ocrx_word' id='word_1_47' title='bbox 1156 1060 1297 1138; x_wconf 87' lang='lat' dir='ltr'>afflicta,</span> 
     </span>
     <span class='ocr_line' id='line_1_11' title="bbox 349 1160 1298 1246; baseline -0.007 -15"><span class='ocrx_word' id='word_1_48' title='bbox 349 1164 386 1231; x_wconf 90' lang='lat' dir='ltr'>in</span> <span class='ocrx_word' id='word_1_49' title='bbox 401 1183 462 1246; x_wconf 90' lang='lat' dir='ltr'>spe</span> <span class='ocrx_word' id='word_1_50' title='bbox 482 1164 558 1228; x_wconf 87' lang='lat' dir='ltr'>sola</span> <span class='ocrx_word' id='word_1_51' title='bbox 581 1162 682 1226; x_wconf 89' lang='lat' dir='ltr'>fidem</span> <span class='ocrx_word' id='word_1_52' title='bbox 699 1162 833 1239; x_wconf 89' lang='lat' dir='ltr'>habuit,</span> <span class='ocrx_word' id='word_1_53' title='bbox 849 1181 951 1244; x_wconf 88' lang='lat' dir='ltr'>quam</span> <span class='ocrx_word' id='word_1_54' title='bbox 972 1161 1105 1225; x_wconf 89' lang='lat' dir='ltr'>civibus</span> <span class='ocrx_word' id='word_1_55' title='bbox 1123 1160 1298 1225; x_wconf 90' lang='lat' dir='ltr'>Soldanns</span> 
     </span>
     <span class='ocr_line' id='line_1_12' title="bbox 350 1262 1298 1346; baseline -0.003 -20"><span class='ocrx_word' id='word_1_56' title='bbox 350 1264 520 1346; x_wconf 88' lang='lat' dir='ltr'>promisit,</span> <span class='ocrx_word' id='word_1_57' title='bbox 544 1271 584 1327; x_wconf 91' lang='lat' dir='ltr'>ut</span> <span class='ocrx_word' id='word_1_58' title='bbox 603 1283 666 1346; x_wconf 90' lang='lat' dir='ltr'>pro</span> <span class='ocrx_word' id='word_1_59' title='bbox 691 1264 754 1340; x_wconf 91' lang='lat' dir='ltr'>eis,</span> <span class='ocrx_word' id='word_1_60' title='bbox 777 1262 806 1326; x_wconf 91' lang='lat' dir='ltr'>si</span> <span class='ocrx_word' id='word_1_61' title='bbox 829 1263 1018 1327; x_wconf 81' lang='lat' dir='ltr'>necessitas</span> <span class='ocrx_word' id='word_1_62' title='bbox 1039 1262 1197 1337; x_wconf 86' lang='lat' dir='ltr'>instaret,</span> <span class='ocrx_word' id='word_1_63' title='bbox 1219 1279 1298 1324; x_wconf 89' lang='lat' dir='ltr'>cum</span> 
     </span>
     <span class='ocr_line' id='line_1_13' title="bbox 352 1361 1301 1445; baseline -0.004 -18"><span class='ocrx_word' id='word_1_64' title='bbox 352 1362 558 1427; x_wconf 86' lang='lat' dir='ltr'>Christianis</span> <span class='ocrx_word' id='word_1_65' title='bbox 584 1370 816 1445; x_wconf 84' lang='lat' dir='ltr'>componeret,</span> <span class='ocrx_word' id='word_1_66' title='bbox 839 1370 879 1428; x_wconf 89' lang='lat' dir='ltr'>ut</span> <span class='ocrx_word' id='word_1_67' title='bbox 901 1369 1046 1426; x_wconf 88' lang='lat' dir='ltr'>mortem</span> <span class='ocrx_word' id='word_1_68' title='bbox 1066 1361 1212 1426; x_wconf 88' lang='lat' dir='ltr'>evadere</span> <span class='ocrx_word' id='word_1_69' title='bbox 1238 1380 1301 1443; x_wconf 89' lang='lat' dir='ltr'>po-</span> 
     </span>
     <span class='ocr_line' id='line_1_14' title="bbox 352 1462 1301 1551; baseline -0.002 -24"><span class='ocrx_word' id='word_1_70' title='bbox 352 1464 521 1551; x_wconf 84' lang='lat' dir='ltr'>tuissent3</span> <span class='ocrx_word' id='word_1_71' title='bbox 551 1463 611 1527; x_wconf 92' lang='lat' dir='ltr'>sed</span> <span class='ocrx_word' id='word_1_72' title='bbox 635 1463 701 1527; x_wconf 89' lang='lat' dir='ltr'>hnc</span> <span class='ocrx_word' id='word_1_73' title='bbox 721 1470 874 1545; x_wconf 84' lang='lat' dir='ltr'>ternpore</span> <span class='ocrx_word' id='word_1_74' title='bbox 895 1463 931 1525; x_wconf 93' lang='lat' dir='ltr'>in</span> <span class='ocrx_word' id='word_1_75' title='bbox 955 1463 1039 1526; x_wconf 90' lang='lat' dir='ltr'>urbe</span> <span class='ocrx_word' id='word_1_76' title='bbox 1066 1468 1166 1526; x_wconf 89' lang='lat' dir='ltr'>tanta</span> <span class='ocrx_word' id='word_1_77' title='bbox 1190 1462 1301 1526; x_wconf 91' lang='lat' dir='ltr'>fames</span> 
     </span>
     <span class='ocr_line' id='line_1_15' title="bbox 352 1562 1300 1640; baseline -0.001 -14"><span class='ocrx_word' id='word_1_78' title='bbox 352 1562 511 1640; x_wconf 90' lang='lat' dir='ltr'>invaluit,</span> <span class='ocrx_word' id='word_1_79' title='bbox 526 1570 566 1626; x_wconf 92' lang='lat' dir='ltr'>ut</span> <span class='ocrx_word' id='word_1_80' title='bbox 580 1562 697 1628; x_wconf 89' lang='lat' dir='ltr'>vitalis</span> <span class='ocrx_word' id='word_1_81' title='bbox 714 1563 855 1626; x_wconf 87' lang='lat' dir='ltr'>refectio</span> <span class='ocrx_word' id='word_1_82' title='bbox 873 1562 1008 1626; x_wconf 87' lang='lat' dir='ltr'>deesset</span> <span class='ocrx_word' id='word_1_83' title='bbox 1025 1562 1179 1639; x_wconf 88' lang='lat' dir='ltr'>inclusis,</span> <span class='ocrx_word' id='word_1_84' title='bbox 1196 1562 1300 1626; x_wconf 87' lang='lat' dir='ltr'>dura-</span> 
     </span>
     <span class='ocr_line' id='line_1_16' title="bbox 352 1661 1300 1745; baseline -0.001 -18"><span class='ocrx_word' id='word_1_85' title='bbox 352 1663 431 1727; x_wconf 91' lang='lat' dir='ltr'>bilis</span> <span class='ocrx_word' id='word_1_86' title='bbox 446 1661 536 1729; x_wconf 87' lang='lat' dir='ltr'>enim</span> <span class='ocrx_word' id='word_1_87' title='bbox 552 1683 621 1727; x_wconf 89' lang='lat' dir='ltr'>non</span> <span class='ocrx_word' id='word_1_88' title='bbox 634 1669 688 1726; x_wconf 89' lang='lat' dir='ltr'>est</span> <span class='ocrx_word' id='word_1_89' title='bbox 698 1681 838 1726; x_wconf 90' lang='lat' dir='ltr'>annona</span> <span class='ocrx_word' id='word_1_90' title='bbox 849 1663 1007 1745; x_wconf 84' lang='lat' dir='ltr'>AEgypti,</span> <span class='ocrx_word' id='word_1_91' title='bbox 1022 1670 1164 1744; x_wconf 88' lang='lat' dir='ltr'>propter</span> <span class='ocrx_word' id='word_1_92' title='bbox 1178 1663 1300 1726; x_wconf 88' lang='lat' dir='ltr'>molles</span> 
     </span>
     <span class='ocr_line' id='line_1_17' title="bbox 352 1763 1301 1846; baseline 0 -20"><span class='ocrx_word' id='word_1_93' title='bbox 352 1764 472 1845; x_wconf 86' lang='lat' dir='ltr'>glebas</span> <span class='ocrx_word' id='word_1_94' title='bbox 494 1764 672 1846; x_wconf 89' lang='lat' dir='ltr'>inquibus</span> <span class='ocrx_word' id='word_1_95' title='bbox 693 1764 827 1840; x_wconf 88' lang='lat' dir='ltr'>crescit,</span> <span class='ocrx_word' id='word_1_96' title='bbox 849 1763 915 1826; x_wconf 90' lang='lat' dir='ltr'>nisi</span> <span class='ocrx_word' id='word_1_97' title='bbox 930 1764 1089 1844; x_wconf 88' lang='lat' dir='ltr'>superius</span> <span class='ocrx_word' id='word_1_98' title='bbox 1107 1763 1199 1826; x_wconf 86' lang='lat' dir='ltr'>circa</span> <span class='ocrx_word' id='word_1_99' title='bbox 1220 1782 1301 1846; x_wconf 90' lang='lat' dir='ltr'>par-</span> 
     </span>
     <span class='ocr_line' id='line_1_18' title="bbox 353 1862 1301 1948; baseline -0.001 -19"><span class='ocrx_word' id='word_1_100' title='bbox 353 1870 407 1929; x_wconf 89' lang='lat' dir='ltr'>tes</span> <span class='ocrx_word' id='word_1_101' title='bbox 430 1864 632 1948; x_wconf 77' lang='lat' dir='ltr'>Babyloniae</span> <span class='ocrx_word' id='word_1_102' title='bbox 659 1871 816 1928; x_wconf 87' lang='lat' dir='ltr'>servetur</span> <span class='ocrx_word' id='word_1_103' title='bbox 839 1883 900 1947; x_wconf 87' lang='lat' dir='ltr'>per</span> <span class='ocrx_word' id='word_1_104' title='bbox 925 1883 1063 1929; x_wconf 87' lang='lat' dir='ltr'>annum.</span> <span class='ocrx_word' id='word_1_105' title='bbox 1117 1862 1301 1928; x_wconf 89' lang='lat' dir='ltr'>Postremo</span> 
     </span>
     <span class='ocr_line' id='line_1_19' title="bbox 354 1962 1301 2046; baseline -0.001 -17"><span class='ocrx_word' id='word_1_106' title='bbox 354 1971 469 2029; x_wconf 87' lang='lat' dir='ltr'>autem</span> <span class='ocrx_word' id='word_1_107' title='bbox 505 1971 625 2046; x_wconf 89' lang='lat' dir='ltr'>portas</span> <span class='ocrx_word' id='word_1_108' title='bbox 658 1983 741 2028; x_wconf 88' lang='lat' dir='ltr'>suas</span> <span class='ocrx_word' id='word_1_109' title='bbox 777 1964 1025 2028; x_wconf 87' lang='lat' dir='ltr'>obstruxerunt</span> <span class='ocrx_word' id='word_1_110' title='bbox 1046 1962 1226 2040; x_wconf 89' lang='lat' dir='ltr'>increduli,</span> <span class='ocrx_word' id='word_1_111' title='bbox 1256 1983 1301 2028; x_wconf 91' lang='lat' dir='ltr'>ne</span> 
     </span>
     <span class='ocr_line' id='line_1_20' title="bbox 355 2063 1301 2146; baseline -0.001 -17"><span class='ocrx_word' id='word_1_112' title='bbox 355 2063 482 2146; x_wconf 89' lang='lat' dir='ltr'>aliquis</span> <span class='ocrx_word' id='word_1_113' title='bbox 509 2065 620 2129; x_wconf 87' lang='lat' dir='ltr'>exiret</span> <span class='ocrx_word' id='word_1_114' title='bbox 645 2065 705 2146; x_wconf 93' lang='lat' dir='ltr'>qui</span> <span class='ocrx_word' id='word_1_115' title='bbox 734 2063 966 2129; x_wconf 85' lang='lat' dir='ltr'>calamitatem</span> <span class='ocrx_word' id='word_1_116' title='bbox 995 2084 1114 2127; x_wconf 89' lang='lat' dir='ltr'>eorum</span> <span class='ocrx_word' id='word_1_117' title='bbox 1142 2063 1301 2128; x_wconf 86' lang='lat' dir='ltr'>fidelibus</span> 
     </span>
     <span class='ocr_line' id='line_1_21' title="bbox 354 2164 1302 2247; baseline 0.001 -20"><span class='ocrx_word' id='word_1_118' title='bbox 354 2165 543 2241; x_wconf 86' lang='lat' dir='ltr'>nuntiaret,</span> <span class='ocrx_word' id='word_1_119' title='bbox 569 2165 653 2247; x_wconf 91' lang='lat' dir='ltr'>quia</span> <span class='ocrx_word' id='word_1_120' title='bbox 678 2164 752 2228; x_wconf 91' lang='lat' dir='ltr'>dies</span> <span class='ocrx_word' id='word_1_121' title='bbox 783 2164 979 2228; x_wconf 89' lang='lat' dir='ltr'>afflictionis</span> <span class='ocrx_word' id='word_1_122' title='bbox 1009 2165 1152 2228; x_wconf 88' lang='lat' dir='ltr'>miseros</span> <span class='ocrx_word' id='word_1_123' title='bbox 1182 2183 1302 2246; x_wconf 89' lang='lat' dir='ltr'>posse-</span> 
     </span>
     <span class='ocr_line' id='line_1_22' title="bbox 355 2262 1304 2348; baseline 0.002 -22"><span class='ocrx_word' id='word_1_124' title='bbox 355 2262 504 2343; x_wconf 87' lang='lat' dir='ltr'>derunt3</span> <span class='ocrx_word' id='word_1_125' title='bbox 541 2264 610 2328; x_wconf 91' lang='lat' dir='ltr'>iliis</span> <span class='ocrx_word' id='word_1_126' title='bbox 636 2265 754 2343; x_wconf 90' lang='lat' dir='ltr'>etiam,</span> <span class='ocrx_word' id='word_1_127' title='bbox 780 2265 840 2348; x_wconf 91' lang='lat' dir='ltr'>qui</span> <span class='ocrx_word' id='word_1_128' title='bbox 865 2264 950 2329; x_wconf 89' lang='lat' dir='ltr'>foris</span> <span class='ocrx_word' id='word_1_129' title='bbox 975 2264 1012 2327; x_wconf 93' lang='lat' dir='ltr'>in</span> <span class='ocrx_word' id='word_1_130' title='bbox 1042 2266 1194 2329; x_wconf 88' lang='lat' dir='ltr'>exercitu</span> <span class='ocrx_word' id='word_1_131' title='bbox 1226 2264 1304 2328; x_wconf 92' lang='lat' dir='ltr'>Sol-</span> 
     </span>
     <span class='ocr_line' id='line_1_23' title="bbox 355 2362 1304 2447; baseline 0.003 -20"><span class='ocrx_word' id='word_1_132' title='bbox 355 2362 437 2428; x_wconf 91' lang='lat' dir='ltr'>dani</span> <span class='ocrx_word' id='word_1_133' title='bbox 460 2363 578 2428; x_wconf 86' lang='lat' dir='ltr'>fideles</span> <span class='ocrx_word' id='word_1_134' title='bbox 604 2365 823 2442; x_wconf 89' lang='lat' dir='ltr'>obsederunt,</span> <span class='ocrx_word' id='word_1_135' title='bbox 844 2364 946 2447; x_wconf 89' lang='lat' dir='ltr'>copia</span> <span class='ocrx_word' id='word_1_136' title='bbox 967 2365 1086 2447; x_wconf 92' lang='lat' dir='ltr'>pabuli</span> <span class='ocrx_word' id='word_1_137' title='bbox 1107 2364 1304 2430; x_wconf 87' lang='lat' dir='ltr'>decrescere</span> 
     </span>
     <span class='ocr_line' id='line_1_24' title="bbox 356 2463 1302 2548; baseline 0.002 -20"><span class='ocrx_word' id='word_1_138' title='bbox 356 2463 476 2547; x_wconf 89' lang='lat' dir='ltr'>coepit,</span> <span class='ocrx_word' id='word_1_139' title='bbox 493 2464 593 2529; x_wconf 90' lang='lat' dir='ltr'>etita</span> <span class='ocrx_word' id='word_1_140' title='bbox 610 2465 761 2548; x_wconf 91' lang='lat' dir='ltr'>quidem,</span> <span class='ocrx_word' id='word_1_141' title='bbox 778 2464 871 2548; x_wconf 91' lang='lat' dir='ltr'>quod</span> <span class='ocrx_word' id='word_1_142' title='bbox 888 2470 1070 2529; x_wconf 91' lang='lat' dir='ltr'>coctanum</span> <span class='ocrx_word' id='word_1_143' title='bbox 1092 2483 1198 2529; x_wconf 91' lang='lat' dir='ltr'>unum</span> <span class='ocrx_word' id='word_1_144' title='bbox 1216 2465 1302 2530; x_wconf 89' lang='lat' dir='ltr'>duo-</span> 
     </span>
     <span class='ocr_line' id='line_1_25' title="bbox 355 2564 1305 2630; baseline 0.002 -2"><span class='ocrx_word' id='word_1_145' title='bbox 355 2565 467 2629; x_wconf 87' lang='lat' dir='ltr'>decim</span> <span class='ocrx_word' id='word_1_146' title='bbox 496 2565 656 2630; x_wconf 86' lang='lat' dir='ltr'>bizantiis</span> <span class='ocrx_word' id='word_1_147' title='bbox 686 2564 908 2629; x_wconf 88' lang='lat' dir='ltr'>vendebatur.</span> <span class='ocrx_word' id='word_1_148' title='bbox 971 2565 1069 2630; x_wconf 91' lang='lat' dir='ltr'>Inter</span> <span class='ocrx_word' id='word_1_149' title='bbox 1096 2573 1223 2630; x_wconf 83' lang='lat' dir='ltr'>caetera</span> <span class='ocrx_word' id='word_1_150' title='bbox 1250 2567 1305 2630; x_wconf 91' lang='lat' dir='ltr'>in·</span> 
     </span>
     <span class='ocr_line' id='line_1_26' title="bbox 356 2664 1305 2747; baseline 0.003 -19"><span class='ocrx_word' id='word_1_151' title='bbox 356 2664 547 2742; x_wconf 90' lang='lat' dir='ltr'>commoda,</span> <span class='ocrx_word' id='word_1_152' title='bbox 565 2684 643 2747; x_wconf 86' lang='lat' dir='ltr'>quae</span> <span class='ocrx_word' id='word_1_153' title='bbox 661 2665 777 2728; x_wconf 91' lang='lat' dir='ltr'>miseri</span> <span class='ocrx_word' id='word_1_154' title='bbox 794 2665 1011 2729; x_wconf 88' lang='lat' dir='ltr'>sustinebant</span> <span class='ocrx_word' id='word_1_155' title='bbox 1027 2665 1148 2729; x_wconf 92' lang='lat' dir='ltr'>diebus</span> <span class='ocrx_word' id='word_1_156' title='bbox 1166 2685 1208 2730; x_wconf 88' lang='lat' dir='ltr'>ac</span> <span class='ocrx_word' id='word_1_157' title='bbox 1224 2686 1305 2731; x_wconf 91' lang='lat' dir='ltr'>noc·</span> 
     </span>
     <span class='ocr_line' id='line_1_27' title="bbox 357 2764 1306 2848; baseline 0.001 -19"><span class='ocrx_word' id='word_1_158' title='bbox 357 2764 460 2839; x_wconf 89' lang='lat' dir='ltr'>tibus,</span> <span class='ocrx_word' id='word_1_159' title='bbox 486 2764 583 2828; x_wconf 90' lang='lat' dir='ltr'>velut</span> <span class='ocrx_word' id='word_1_160' title='bbox 605 2765 736 2828; x_wconf 84' lang='lat' dir='ltr'>aurisia</span> <span class='ocrx_word' id='word_1_161' title='bbox 758 2764 912 2847; x_wconf 87' lang='lat' dir='ltr'>percussi</span> <span class='ocrx_word' id='word_1_162' title='bbox 934 2764 1044 2829; x_wconf 92' lang='lat' dir='ltr'>oculis</span> <span class='ocrx_word' id='word_1_163' title='bbox 1068 2765 1198 2848; x_wconf 90' lang='lat' dir='ltr'>apertis</span> <span class='ocrx_word' id='word_1_164' title='bbox 1219 2767 1306 2830; x_wconf 92' lang='lat' dir='ltr'>nihil</span> 
     </span>
     <span class='ocr_line' id='line_1_28' title="bbox 356 2863 1303 2948; baseline 0.003 -21"><span class='ocrx_word' id='word_1_165' title='bbox 356 2863 532 2928; x_wconf 87' lang='lat' dir='ltr'>videbant.</span> <span class='ocrx_word' id='word_1_166' title='bbox 607 2865 712 2928; x_wconf 93' lang='lat' dir='ltr'>Nilus</span> <span class='ocrx_word' id='word_1_167' title='bbox 752 2872 932 2948; x_wconf 89' lang='lat' dir='ltr'>praeterea,</span> <span class='ocrx_word' id='word_1_168' title='bbox 971 2866 1031 2947; x_wconf 91' lang='lat' dir='ltr'>qui</span> <span class='ocrx_word' id='word_1_169' title='bbox 1066 2872 1145 2948; x_wconf 90' lang='lat' dir='ltr'>post</span> <span class='ocrx_word' id='word_1_170' title='bbox 1176 2864 1303 2930; x_wconf 85' lang='lat' dir='ltr'>festum</span> 
     </span>
     <span class='ocr_line' id='line_1_29' title="bbox 357 2963 1303 3048; baseline 0.003 -22"><span class='ocrx_word' id='word_1_171' title='bbox 357 2963 470 3028; x_wconf 90' lang='lat' dir='ltr'>sancti</span> <span class='ocrx_word' id='word_1_172' title='bbox 489 2963 513 3028; x_wconf 89' lang='lat' dir='ltr'><strong>J</strong></span> <span class='ocrx_word' id='word_1_173' title='bbox 516 2964 662 3028; x_wconf 89' lang='lat' dir='ltr'>ohannis</span> <span class='ocrx_word' id='word_1_174' title='bbox 678 2965 850 3047; x_wconf 82' lang='lat' dir='ltr'>Baptistae</span> <span class='ocrx_word' id='word_1_175' title='bbox 868 2983 978 3048; x_wconf 89' lang='lat' dir='ltr'>usque</span> <span class='ocrx_word' id='word_1_176' title='bbox 995 2964 1040 3028; x_wconf 92' lang='lat' dir='ltr'>ad</span> <span class='ocrx_word' id='word_1_177' title='bbox 1055 2965 1303 3030; x_wconf 84' lang='lat' dir='ltr'>exaltationem</span> 
     </span>
     <span class='ocr_line' id='line_1_30' title="bbox 356 3064 1305 3149; baseline 0.004 -23"><span class='ocrx_word' id='word_1_178' title='bbox 356 3071 487 3129; x_wconf 87' lang='lat' dir='ltr'>sanctae</span> <span class='ocrx_word' id='word_1_179' title='bbox 513 3064 636 3130; x_wconf 84' lang='lat' dir='ltr'>Crucis</span> <span class='ocrx_word' id='word_1_180' title='bbox 661 3064 749 3129; x_wconf 90' lang='lat' dir='ltr'>solet</span> <span class='ocrx_word' id='word_1_181' title='bbox 771 3084 969 3129; x_wconf 86' lang='lat' dir='ltr'>excrescere</span> <span class='ocrx_word' id='word_1_182' title='bbox 998 3071 1033 3128; x_wconf 92' lang='lat' dir='ltr'>et</span> <span class='ocrx_word' id='word_1_183' title='bbox 1056 3066 1203 3149; x_wconf 81' lang='lat' dir='ltr'>AEgypti</span> <span class='ocrx_word' id='word_1_184' title='bbox 1228 3065 1305 3148; x_wconf 92' lang='lat' dir='ltr'>pla-</span> 
     </span>
     <span class='ocr_line' id='line_1_31' title="bbox 356 3163 1306 3248; baseline 0.004 -22"><span class='ocrx_word' id='word_1_185' title='bbox 356 3163 476 3228; x_wconf 90' lang='lat' dir='ltr'>nitiem</span> <span class='ocrx_word' id='word_1_186' title='bbox 507 3167 664 3248; x_wconf 82' lang='lat' dir='ltr'>irrigare,</span> <span class='ocrx_word' id='word_1_187' title='bbox 692 3166 757 3229; x_wconf 94' lang='lat' dir='ltr'>hoc</span> <span class='ocrx_word' id='word_1_188' title='bbox 788 3186 879 3230; x_wconf 93' lang='lat' dir='ltr'>anno</span> <span class='ocrx_word' id='word_1_189' title='bbox 906 3184 1000 3228; x_wconf 88' lang='lat' dir='ltr'>more</span> <span class='ocrx_word' id='word_1_190' title='bbox 1025 3165 1128 3228; x_wconf 89' lang='lat' dir='ltr'>solito</span> <span class='ocrx_word' id='word_1_191' title='bbox 1157 3185 1226 3229; x_wconf 90' lang='lat' dir='ltr'>non</span> <span class='ocrx_word' id='word_1_192' title='bbox 1250 3185 1306 3230; x_wconf 88' lang='lat' dir='ltr'>as·</span> 
     </span>
     <span class='ocr_line' id='line_1_32' title="bbox 357 3263 1304 3348; baseline 0.003 -22"><span class='ocrx_word' id='word_1_193' title='bbox 357 3263 485 3340; x_wconf 91' lang='lat' dir='ltr'>cendit,</span> <span class='ocrx_word' id='word_1_194' title='bbox 508 3264 567 3328; x_wconf 91' lang='lat' dir='ltr'>sed</span> <span class='ocrx_word' id='word_1_195' title='bbox 591 3285 751 3347; x_wconf 83' lang='lat' dir='ltr'>magnam</span> <span class='ocrx_word' id='word_1_196' title='bbox 771 3273 873 3330; x_wconf 85' lang='lat' dir='ltr'>terrae</span> <span class='ocrx_word' id='word_1_197' title='bbox 896 3272 1029 3348; x_wconf 89' lang='lat' dir='ltr'>partem</span> <span class='ocrx_word' id='word_1_198' title='bbox 1051 3265 1178 3329; x_wconf 90' lang='lat' dir='ltr'>siccam</span> <span class='ocrx_word' id='word_1_199' title='bbox 1199 3265 1304 3330; x_wconf 88' lang='lat' dir='ltr'>relin-</span> 
     </span>
     <span class='ocr_line' id='line_1_33' title="bbox 357 3363 1305 3447; baseline 0.005 -22"><span class='ocrx_word' id='word_1_200' title='bbox 357 3382 467 3446; x_wconf 90' lang='lat' dir='ltr'>quens</span> <span class='ocrx_word' id='word_1_201' title='bbox 498 3363 652 3428; x_wconf 89' lang='lat' dir='ltr'>interra</span> <span class='ocrx_word' id='word_1_202' title='bbox 685 3365 745 3427; x_wconf 90' lang='lat' dir='ltr'>iiia</span> <span class='ocrx_word' id='word_1_203' title='bbox 776 3385 839 3429; x_wconf 89' lang='lat' dir='ltr'>nec</span> <span class='ocrx_word' id='word_1_204' title='bbox 875 3365 1036 3429; x_wconf 90' lang='lat' dir='ltr'>seminari</span> <span class='ocrx_word' id='word_1_205' title='bbox 1075 3373 1213 3447; x_wconf 88' lang='lat' dir='ltr'>poterat</span> <span class='ocrx_word' id='word_1_206' title='bbox 1242 3386 1305 3430; x_wconf 90' lang='lat' dir='ltr'>nec</span> 
     </span>
     <span class='ocr_line' id='line_1_34' title="bbox 357 3463 1306 3541; baseline 0.006 -16"><span class='ocrx_word' id='word_1_207' title='bbox 357 3463 469 3540; x_wconf 89' lang='lat' dir='ltr'>arari;</span> <span class='ocrx_word' id='word_1_208' title='bbox 496 3463 586 3527; x_wconf 89' lang='lat' dir='ltr'>unde</span> <span class='ocrx_word' id='word_1_209' title='bbox 606 3463 778 3527; x_wconf 86' lang='lat' dir='ltr'>Soldanus</span> <span class='ocrx_word' id='word_1_210' title='bbox 794 3464 918 3528; x_wconf 87' lang='lat' dir='ltr'>famem</span> <span class='ocrx_word' id='word_1_211' title='bbox 934 3465 1070 3541; x_wconf 92' lang='lat' dir='ltr'>timens,</span> <span class='ocrx_word' id='word_1_212' title='bbox 1093 3485 1208 3530; x_wconf 92' lang='lat' dir='ltr'>amore</span> <span class='ocrx_word' id='word_1_213' title='bbox 1224 3468 1306 3531; x_wconf 87' lang='lat' dir='ltr'>reti-</span> 
     </span>
     <span class='ocr_line' id='line_1_35' title="bbox 357 3562 1305 3646; baseline 0.005 -21"><span class='ocrx_word' id='word_1_214' title='bbox 357 3562 478 3625; x_wconf 88' lang='lat' dir='ltr'>nendae</span> <span class='ocrx_word' id='word_1_215' title='bbox 506 3562 690 3639; x_wconf 87' lang='lat' dir='ltr'>Damietae,</span> <span class='ocrx_word' id='word_1_216' title='bbox 713 3583 790 3627; x_wconf 92' lang='lat' dir='ltr'>cum</span> <span class='ocrx_word' id='word_1_217' title='bbox 814 3563 1020 3628; x_wconf 87' lang='lat' dir='ltr'>Christianis</span> <span class='ocrx_word' id='word_1_218' title='bbox 1043 3565 1185 3646; x_wconf 87' lang='lat' dir='ltr'>pacifice</span> <span class='ocrx_word' id='word_1_219' title='bbox 1212 3586 1305 3630; x_wconf 89' lang='lat' dir='ltr'>com-</span> 
     </span>
     <span class='ocr_line' id='line_1_36' title="bbox 357 3661 1304 3750; baseline 0.006 -25"><span class='ocrx_word' id='word_1_220' title='bbox 357 3681 486 3742; x_wconf 87' lang='lat' dir='ltr'>ponere</span> <span class='ocrx_word' id='word_1_221' title='bbox 504 3663 681 3743; x_wconf 87' lang='lat' dir='ltr'>cogitavit.</span> <span class='ocrx_word' id='word_1_222' title='bbox 733 3661 846 3727; x_wconf 84' lang='lat' dir='ltr'>Auxit</span> <span class='ocrx_word' id='word_1_223' title='bbox 864 3671 978 3728; x_wconf 90' lang='lat' dir='ltr'>autem</span> <span class='ocrx_word' id='word_1_224' title='bbox 997 3665 1212 3747; x_wconf 90' lang='lat' dir='ltr'>propositum</span> <span class='ocrx_word' id='word_1_225' title='bbox 1228 3667 1304 3750; x_wconf 88' lang='lat' dir='ltr'>ejus</span> 
     </span>
     <span class='ocr_line' id='line_1_37' title="bbox 358 3761 1306 3849; baseline 0.006 -26"><span class='ocrx_word' id='word_1_226' title='bbox 358 3761 402 3823; x_wconf 92' lang='lat' dir='ltr'>ad</span> <span class='ocrx_word' id='word_1_227' title='bbox 425 3763 707 3845; x_wconf 89' lang='lat' dir='ltr'>compositionem</span> <span class='ocrx_word' id='word_1_228' title='bbox 734 3763 941 3828; x_wconf 88' lang='lat' dir='ltr'>miraculosa</span> <span class='ocrx_word' id='word_1_229' title='bbox 964 3763 1069 3827; x_wconf 90' lang='lat' dir='ltr'>turris</span> <span class='ocrx_word' id='word_1_230' title='bbox 1093 3765 1306 3849; x_wconf 85' lang='lat' dir='ltr'>subjugatio,</span> 
     </span>
     <span class='ocr_line' id='line_1_38' title="bbox 358 3859 1305 3947; baseline 0.008 -26"><span class='ocrx_word' id='word_1_231' title='bbox 358 3866 393 3922; x_wconf 92' lang='lat' dir='ltr'>et</span> <span class='ocrx_word' id='word_1_232' title='bbox 410 3859 686 3927; x_wconf 88' lang='lat' dir='ltr'>Christianorum</span> <span class='ocrx_word' id='word_1_233' title='bbox 702 3865 899 3927; x_wconf 90' lang='lat' dir='ltr'>constantia</span> <span class='ocrx_word' id='word_1_234' title='bbox 916 3863 1109 3947; x_wconf 85' lang='lat' dir='ltr'>praeliandi,</span> <span class='ocrx_word' id='word_1_235' title='bbox 1126 3867 1186 3947; x_wconf 92' lang='lat' dir='ltr'>qui</span> <span class='ocrx_word' id='word_1_236' title='bbox 1202 3866 1305 3929; x_wconf 90' lang='lat' dir='ltr'>toties</span> 
     </span>
     <span class='ocr_line' id='line_1_39' title="bbox 358 3961 1306 4048; baseline 0.007 -25"><span class='ocrx_word' id='word_1_237' title='bbox 358 3979 437 4023; x_wconf 90' lang='lat' dir='ltr'>cum</span> <span class='ocrx_word' id='word_1_238' title='bbox 453 3961 636 4024; x_wconf 87' lang='lat' dir='ltr'>admodum</span> <span class='ocrx_word' id='word_1_239' title='bbox 653 3964 774 4046; x_wconf 88' lang='lat' dir='ltr'>paucis</span> <span class='ocrx_word' id='word_1_240' title='bbox 789 3963 948 4028; x_wconf 90' lang='lat' dir='ltr'>fidelibus</span> <span class='ocrx_word' id='word_1_241' title='bbox 961 3983 1096 4027; x_wconf 88' lang='lat' dir='ltr'>omnem</span> <span class='ocrx_word' id='word_1_242' title='bbox 1111 3966 1306 4048; x_wconf 80' lang='lat' dir='ltr'>paganismi</span> 
     </span>
    </p>
   </div>
   <div class='ocr_carea' id='block_1_5' title="bbox 353 4124 1305 4250">
    <p class='ocr_par' dir='ltr' id='par_1_5' title="bbox 353 4124 1305 4250">
     <span class='ocr_line' id='line_1_40' title="bbox 353 4124 1305 4250; baseline 0.007 -71"><span class='ocrx_word' id='word_1_243' title='bbox 353 4124 549 4250; x_wconf 51' lang='lat' dir='ltr'>rideam]</span> <span class='ocrx_word' id='word_1_244' title='bbox 578 4130 637 4180; x_wconf 88' lang='lat' dir='ltr'>Jac.</span> <span class='ocrx_word' id='word_1_245' title='bbox 654 4132 686 4180; x_wconf 91' lang='lat' dir='ltr'>de</span> <span class='ocrx_word' id='word_1_246' title='bbox 703 4133 826 4196; x_wconf 82' lang='lat' dir='ltr'>vitriaco,</span> <span class='ocrx_word' id='word_1_247' title='bbox 849 4149 875 4195; x_wconf 85' lang='lat' dir='ltr'>p.</span> <span class='ocrx_word' id='word_1_248' title='bbox 896 4137 979 4195; x_wconf 75' lang='lat'>11405</span> <span class='ocrx_word' id='word_1_249' title='bbox 1005 4126 1112 4184; x_wconf 81' lang='lat' dir='ltr'>Oiirer.¹</span> <span class='ocrx_word' id='word_1_250' title='bbox 1131 4134 1255 4185; x_wconf 81' lang='lat' dir='ltr'>scholast.</span> <span class='ocrx_word' id='word_1_251' title='bbox 1278 4152 1305 4198; x_wconf 90' lang='lat' dir='ltr'>p.</span> 
     </span>
    </p>
   </div>
   <div class='ocr_carea' id='block_1_6' title="bbox 0 0 1449 4866">
    <p class='ocr_par' dir='ltr' id='par_1_6' title="bbox 0 0 1449 4866">
     <span class='ocr_line' id='line_1_41' title="bbox 0 0 1449 4866; baseline 0 0"><span class='ocrx_word' id='word_1_252' title='bbox 0 0 1449 4866; x_wconf 95' lang='lat' dir='ltr'> </span> 
     </span>
    </p>
   </div>
  </div>
 </body>
</html>
