2864 4866
415 406 554 455 rnoaus
576 408 846 458 ursronmauu.
1066 397 1110 461 27

393 641 443 705 De
457 650 552 706 morte
566 640 743 706 Innocentii
752 663 860 728 popu.

201 763 333 828 Eodem
353 784 446 830 anno
468 785 561 849 papa
583 765 821 844 Innocentius,
844 774 1029 850 postquam
1052 787 1107 832 se·
1121 784 1245 876 puppi.

157 863 265 929 disset
301 865 401 929 annis
440 867 644 944 octodecim,
679 868 854 931 mensibus
888 869 1039 951 quinque
1073 878 1108 933 et
1121 839 1271 927 rublan.

157 964 277 1028 diebus
306 972 467 1048 quatuor,
495 966 628 1030 decimo
660 967 808 1049 septimo
841 967 1007 1032 kalendas
1030 965 1107 1033 Au·

157 1066 251 1147 gusti
273 1064 433 1131 humanae
456 1073 589 1130 naturae
614 1067 769 1132 debitum
790 1067 921 1148 solvit;
950 1068 1007 1131 cui
1029 1088 1108 1132 suc·

157 1163 281 1230 cedens
304 1164 495 1244 Honorius,
518 1168 578 1250 qui
601 1159 761 1231 ¹Ciucius
788 1175 893 1232 autea
917 1168 1107 1245 dicebatur,

158 1265 306 1329 seditio
329 1265 495 1330 cathedra
522 1266 684 1331 Romana
707 1268 807 1331 annis
830 1269 959 1346 decem,
982 1268 1107 1332 mensi·

157 1366 222 1429 bus
242 1373 374 1449 septem
390 1373 426 1431 et
441 1367 562 1431 diebus
580 1367 816 1433 novendecim.

235 1535 278 1601 Ut
288 1536 468 1603 Lodowicus
481 1538 528 1604 cd
535 1547 661 1625 potr-rm
675 1559 766 1604 sawm
773 1549 906 1627 propter
919 1496 1033 1606 utilitas

566 1639 694 1704 miserit.

202 1760 332 1826 Eodem
346 1769 501 1846 tempore
515 1762 722 1829 Lodowicus
739 1763 782 1827 de
798 1763 1000 1842 infortunio,
1014 1765 1106 1849 quod
1119 1785 1210 1853 saepi

158 1860 225 1924 sibi
253 1862 346 1945 apud
380 1861 597 1927 Lincolniam
628 1864 812 1942 acciderat,
848 1865 1032 1947 prolapsus
1069 1836 1220 1929 ruffilli„

157 1961 445 2044 desperationem,
464 1983 508 2027 ne
531 1964 747 2046 propositum
766 1982 866 2027 suum
884 1965 928 2028 ad
948 1963 1105 2029 effectum
1118 1935 1224 1987 mm

157 2062 372 2143 perduceret,
394 2063 569 2145 exquisito
589 2082 672 2127 usus
694 2063 838 2127 consilio
859 2064 999 2128 nuntios
1025 2083 1107 2129 suos

159 2160 203 2224 ad
219 2170 354 2245 patrem
370 2182 472 2227 suum
486 2170 522 2227 et
537 2182 681 2228 uxorem
697 2182 795 2227 suam
810 2164 984 2227 dominam
1000 2164 1108 2228 Blan-

158 2279 234 2325 cam
261 2261 462 2340 destinavit,
489 2281 686 2346 proponens
709 2263 759 2327 eis
783 2263 910 2328 damna
935 2265 1107 2347 irrepara-

159 2361 252 2439 bilia,
281 2382 360 2446 quae
391 2363 458 2427 sibi
491 2363 584 2446 apud
617 2363 833 2429 Lincolniam
861 2371 897 2429 et
920 2364 1107 2428 baronibus

159 2457 300 2544 Angliae
332 2463 563 2545 contigerant,
594 2483 673 2546 quae
702 2464 815 2545 magis
846 2483 868 2527 a
896 2464 973 2528 Deo
1002 2484 1106 2548 quam

158 2559 352 2626 hominibus
386 2563 452 2627 sibi
487 2562 598 2628 doluit
629 2564 812 2645 irrogata;
857 2583 921 2628 rex
958 2583 1107 2647 namque

159 2658 353 2744 Anglorum
390 2664 477 2728 adeo
502 2662 578 2746 jam
611 2663 772 2740 invaluit,
803 2663 895 2747 quod
932 2661 969 2727 in
1002 2683 1107 2728 mauu

160 2769 294 2826 armata
316 2782 434 2827 omues
453 2763 650 2845 provincias
670 2763 762 2827 circa
784 2764 904 2827 urbem
928 2762 1106 2827 Londoni·

159 2866 257 2925 'arum
279 2862 494 2944 perlustrans
516 2864 649 2927 exitum
668 2863 820 2928 civitatis
844 2863 1020 2946 praedictae
1041 2863 1108 2927 sibi

160 2968 195 3025 et
216 2962 288 3025 suis
313 2962 538 3046 complicibus
556 2962 633 3048 jam
660 2963 848 3045 praeclusit.
901 2969 911 2997 ⁴
931 2963 1108 3036 Deficiunt

159 3058 350 3143 praeterea,'
369 3062 432 3140 ait,
454 3064 582 3127 ‘nobis
604 3070 640 3126 et
659 3063 788 3127 nostris
816 3063 853 3127 in
883 3064 967 3127 urbe
993 3063 1109 3127 omnia

159 3161 362 3226 victualium
386 3183 526 3245 genera,
549 3182 628 3245 quae
650 3163 756 3227 etiam
779 3163 809 3226 si
838 3162 1053 3227 abundarent
1071 3163 1108 3227 in

159 3260 314 3339 civitate,
335 3282 405 3327 uon
427 3262 594 3328 habemus
618 3261 710 3326 unde
728 3263 790 3326 illa
814 3279 990 3341 emamus3
1021 3282 1108 3345 quo·

157 3359 250 3425 circa
270 3363 369 3427 vobis
389 3363 559 3445 significo,
574 3361 667 3445 quod
688 3381 751 3425 nec
774 3362 885 3426 habeo
906 3362 1107 3427 facultatem

157 3461 352 3541 resistendi,
386 3482 449 3528 nec
479 3465 523 3528 ab
545 3459 677 3544 Anglia
705 3462 898 3540 recedendi,
927 3463 994 3526 nisi
1024 3462 1108 3526 mihi

157 3562 370 3643 provideatis
386 3570 546 3646 potenter
561 3563 599 3626 in
613 3563 767 3627 subsidio
785 3561 950 3628 militari?
1003 3561 1109 3627 Cum·

158 3680 226 3743 que
248 3663 291 3725 ad
311 3669 446 3745 patrem
469 3663 511 3727 de
531 3663 602 3727 filio
625 3672 660 3727 et
678 3663 723 3726 ad
745 3683 889 3728 uxorem
915 3662 958 3725 de
982 3663 1107 3728 marito

158 3760 244 3826 talia
267 3762 519 3845 pervenissent,
539 3763 723 3828 doluerunt
741 3763 843 3827 valde
863 3762 961 3826 illum
986 3763 1023 3826 in
1045 3763 1108 3827 tali

157 3861 305 3927 articulo
319 3881 395 3928 esse
410 3864 658 3942 constitutum
679 3869 715 3927 et
730 3863 895 3945 quoniam
911 3880 974 3926 rex
990 3861 1107 3927 timuit

158 3960 230 4026 lilio
249 3965 548 4028 excommunicato
571 3983 672 4047 opem
693 3962 795 4041 serre,
818 3963 915 4028 velut
938 3963 998 4045 qui
1017 3962 1107 4026 mul-

193 4135 349 4203 'Cinciua.]
386 4139 481 4190 Gencio
509 4141 613 4204 Savelli‚
636 4138 787 4190 afterwards
814 4139 945 4190 Honorius
972 4139 1046 4200 111.;
1075 4138 1107 4188 he

155 4209 216 4260 died
227 4210 253 4258 iu
264 4210 354 4259 March
368 4214 440 4260 122⁷.
