2864 4866
333 387 398 450 160
587 400 721 450 nocant
746 401 792 449 nn
816 400 1022 450 wannovna

172 576 228 615 nn·
239 576 294 643 12²3·
333 561 434 644 grini,
452 561 512 625 sed
528 568 567 626 ut
584 561 773 644 Templarii
791 569 824 625 et
837 559 1081 643 Hospitalarii,
1095 579 1132 624 se
1149 559 1186 622 in
1204 580 1282 642 per·

171 627 296 716 ffeiiffi’ir'
332 671 474 744 petuum
502 662 682 743 obligaret.
734 660 1047 743 Appropinquante
1071 661 1190 743 itaque
1214 668 1283 725 ter-

172 728 320 777 m‘mm'
333 762 425 825 mino
451 761 642 844 praelibato,
669 761 776 843 coepit
801 762 1042 824 excusationes
1072 761 1280 843 multiplices

333 861 559 943 praetendere,
581 880 619 924 se
642 862 685 925 ad
708 861 892 925 transitum
916 879 1074 924 asserens
1091 880 1160 924 non
1178 879 1280 942 para·

333 969 428 1040 tum;
446 969 490 1040 et,
511 969 550 1025 ut
564 961 676 1025 denuo
692 962 859 1024 trinorum
876 961 943 1023 sibi
958 960 1099 1023 daretur
1114 961 1280 1025 terminus

334 1080 513 1138 annorum,
529 1061 675 1143 grandia
696 1061 822 1125 obtulit
839 1060 1005 1142 obsequia
1025 1068 1126 1124 terrae
1149 1066 1280 1126 sanctae

333 1182 411 1238 cum
429 1163 696 1244 obligationibus
711 1162 797 1224 satis
808 1160 956 1242 magnis,
983 1159 1281 1242 Apostolicavcro

333 1262 445 1339 sedes,
461 1283 516 1340 ne,
533 1262 641 1325 tantis
656 1260 832 1325 laboribus
854 1259 1046 1324 exsufflatis
1064 1269 1099 1324 et
1113 1259 1283 1324 inutiliter

333 1363 383 1426 sic
400 1362 591 1439 exhaustis,
599 1366 710 1424 totum
727 1359 973 1423 dissolveretur
989 1360 1178 1441 negotium,
1189 1360 1282 1442 quod

334 1461 413 1527 huic
431 1460 576 1544 principi
599 1467 679 1543 post
696 1459 891 1531 Romanam
910 1460 1089 1524 ecclesiam
1109 1461 1280 1542 principa-

333 1562 400 1625 lius
423 1562 655 1638 incumbebat,
677 1560 796 1625 habito
823 1560 971 1642 plurium
989 1559 1229 1642 episcoporum
1245 1569 1281 1624 et

333 1662 477 1727 aliorum
496 1661 648 1725 virorum
673 1660 827 1737 consilio,
856 1659 898 1722 de
921 1660 1203 1741 contingentibus
1230 1663 1280 1724 nil

333 1763 508 1839 omittens,
522 1760 754 1826 venerabilem
776 1760 916 1824 fratrem
941 1768 1097 1824 nostrum
1121 1758 1280 1824 P.Alba·

333 1882 472 1926 nensem
500 1862 712 1944 episcopum,
738 1868 773 1924 et
792 1862 892 1924 bonae
916 1861 1088 1924 memoriae
1113 1860 1158 1924 G.
1178 1862 1281 1925 titulo

333 1964 445 2026 saneti
464 1961 608 2026 Martini
632 1962 871 2045 presbyterum
887 1953 1107 2038 cardinalem,
1132 1960 1174 2024 ad
1198 1981 1281 2025 oon-

334 2061 503 2126 firmanda
518 2062 589 2136 illa,
607 2081 685 2144 quae
698 2062 887 2143 imperator
902 2080 965 2142 pro
986 2062 1096 2124 crucis
1114 2061 1281 2144 obsequio

333 2170 546 2244 spontaneus
555 2163 790 2244 promittebat,
800 2161 1000 2225 transmisit.
1025 2161 1180 2243 Cumque
1189 2162 1282 2244 apud

333 2271 489 2327 sanctum
523 2262 735 2326 Germanum
766 2282 843 2326 cum
876 2261 1033 2345 pluribus
1064 2259 1281 2326 Alamanniae

332 2364 544 2446 principibus
568 2363 697 2444 pariter
718 2362 972 2438 convenissent,
994 2362 1181 2443 imperator
1202 2382 1282 2443 pro-

332 2463 409 2542 pria
439 2481 542 2525 manu
565 2463 712 2544 juravit,
738 2462 829 2544 quod
857 2461 937 2524 inde
963 2460 1006 2524 ad
1032 2461 1220 2539 biennium,
1245 2462 1281 2525 id

334 2570 387 2625 est
414 2563 450 2624 in
482 2563 644 2644 passagio
671 2559 824 2643 Augusti
855 2581 946 2624 nunc
975 2562 1133 2645 proximo
1166 2569 1280 2625 trans-

333 2668 423 2739 acto,
444 2662 538 2725 omni
563 2662 787 2727 excusatione
810 2670 845 2725 et
866 2662 1031 2725 dilatione
1053 2663 1281 2740 cessantibus

333 2761 585 2839 transfretaret,
602 2762 695 2825 mille
718 2762 844 2825 milites
866 2762 990 2825 ibidem
1017 2782 1078 2844 per
1104 2762 1280 2826 biennium

332 2869 465 2927 teneret
486 2862 530 2926 ad
557 2881 656 2926 suum
685 2861 893 2944 stipendium
915 2883 978 2944 pro
1000 2861 1153 2925 subsidio
1177 2869 1280 2927 terrae

332 2970 475 3040 sanctae,
502 2969 639 3028 centum
663 2962 773 3026 millia
799 2963 978 3026 unciarum
1006 2963 1093 3038 auri,
1120 2962 1156 3024 in
1180 2963 1281 3044 quin-

333 3082 399 3144 que
423 3064 595 3147 passagiis
615 3070 699 3126 tunc
724 3063 883 3144 proximo
909 3062 1047 3140 futuris,
1068 3062 1151 3125 illuc
1173 3063 1281 3126 desti·

332 3171 431 3228 naret
448 3165 551 3228 certis
566 3163 777 3245 assignanda
790 3164 958 3245 personis.
1006 3164 1051 3227 Et
1067 3170 1150 3226 tunc
1166 3162 1280 3226 cardi-

331 3265 428 3328 nales
445 3264 648 3348 presbyteri,
665 3263 707 3326 de
720 3263 937 3347 imperatoris
952 3281 1133 3339 consensu,
1150 3262 1186 3324 in
1200 3283 1282 3327 con-

331 3371 451 3446 spectu
467 3365 659 3446 principum
676 3382 718 3426 ac
733 3364 851 3447 populi
867 3363 1133 3439 circumstantis
1144 3382 1281 3427 excom-

331 3464 573 3528 municationis
588 3463 795 3527 sententiam
814 3464 950 3546 publice
966 3463 1172 3527 auctoritate
1188 3464 1281 3527 sedis

332 3564 531 3644 apostolicae
553 3564 784 3646 protulerunt,
805 3563 965 3645 inquam
987 3562 1153 3628 incideret
1171 3563 1281 3646 impe·

332 3669 439 3739 rator,
464 3663 493 3725 si
520 3664 609 3727 forte
634 3662 669 3725 in
696 3664 813 3745 aliquo
839 3662 1002 3726 defecerit
1026 3661 1280 3744 praedictorum.

333 3760 512 3843 Obligavit
532 3764 672 3845 insuper
697 3781 734 3826 se
758 3764 946 3844 imperator
971 3764 1014 3825 ad
1039 3771 1176 3827 centum
1202 3764 1280 3828 cbe-

332 3861 472 3927 landras
492 3870 527 3927 et
549 3864 801 3945 quinquaginta
823 3862 954 3943 galeias
975 3863 1148 3926 ducendas
1171 3871 1207 3927 et
1229 3872 1281 3929 te-

333 3962 463 4026 nendas
478 3963 571 4028 ultra
586 3983 691 4040 mare,
714 3970 750 4026 et
767 3962 857 4044 quod
875 3963 1016 4045 insuper
1030 3963 1166 4026 duobus
1180 3964 1280 4028 milli·

333 4062 397 4124 bus
412 4062 557 4127 militum
573 4062 774 4145 passagium
790 4064 894 4127 certis
910 4063 1064 4127 terminis
1084 4062 1281 4145 largiretur,

332 4161 368 4223 in
392 4163 538 4227 animam
561 4182 658 4226 suam
675 4163 787 4246 jurari
807 4162 937 4228 faciens
960 4183 997 4227 se
1014 4164 1083 4228 ista
1100 4184 1177 4246 quae
1193 4163 1283 4229 dixi-
