2864 4866
378 407 518 457 nuonns
541 407 811 458 nlsronmnuu.
1035 395 1079 459 95

126 575 228 650 petus
242 588 302 634 eos
316 569 481 649 ducebat3
509 571 598 635 inter
614 590 701 653 quos
717 563 910 634 ¹Henricns
925 569 967 637 de
980 572 1080 636 Brai-
1093 588 1146 628 nn.
1157 589 1212 627 1224·

126 668 208 733 broc
243 672 383 735 incaute
413 671 549 752 fugiens
580 678 705 753 captus
734 691 756 734 a
784 671 950 734 militibus
984 691 1077 756 saepc

125 767 227 834 dictis
242 777 279 835 et
294 771 381 836 satis
400 770 587 835 inhumane
609 778 780 835 tractatus
807 771 900 854 apud
926 780 1078 837 castrum
1131 791 1134 797 ·

125 870 344 951 praelibatum
374 878 427 936 est
455 871 620 935 carcerali
649 871 817 935 custodiae
847 873 1077 955 mancipatus.

126 969 280 1037 Rumore
310 973 430 1055 itaque
462 971 656 1053 divulgat0,
686 971 781 1037 venit
803 992 893 1036 uxor
922 974 1079 1055 praedicti

126 1069 273 1136 Henrici
296 1072 387 1155 apud
412 1071 688 1136 Norhamtonam
719 1071 763 1135 ad
790 1092 919 1154 regem,
942 1080 989 1150 et,
1016 1092 1079 1137 au·

125 1170 241 1237 diente
254 1173 416 1238 universo
432 1172 590 1249 concilio,
610 1171 653 1236 de
668 1171 744 1235 viro
770 1192 833 1236 suo
849 1193 927 1236 cum
945 1173 1080 1257 lachry-

126 1272 191 1336 mis
213 1273 389 1355 querelam
412 1272 594 1354 deposuit;
626 1272 718 1354 qnod
745 1293 807 1336 rex
825 1273 957 1336 sactum
979 1274 1079 1337 nimis

125 1372 266 1455 indigne
287 1374 401 1438 ferens
424 1372 587 1456 qnaesivit
613 1373 795 1436 consilium
820 1393 842 1436 a
860 1374 952 1437 clero
977 1375 1079 1438 simul

124 1480 161 1536 et
188 1475 329 1557 populo,
355 1473 439 1558 quid
465 1474 531 1537 sihi
564 1492 668 1557 supcr
698 1480 798 1538 tanta
830 1473 958 1557 injuria
988 1475 1078 1540 foret

125 1574 308 1655 agendum.
359 1573 409 1638 At
431 1593 549 1638 omnes
575 1593 646 1637 una
674 1593 759 1637 voce
790 1574 972 1638 consilium
1005 1576 1078 1657 regi

125 1673 305 1752 dederunt,
326 1682 497 1759 quatenus
522 1675 597 1738 sine
619 1693 728 1752 mora,
753 1682 789 1738 ct
814 1676 973 1738 omnihus
1000 1676 1077 1739 aliis

125 1776 365 1858 praetcrmissis
382 1775 542 1857 negotiis,
563 1776 601 1838 in
622 1794 728 1838 manu
748 1775 864 1839 valida
887 1782 921 1838 et
943 1783 1077 1839 armata

124 1875 167 1940 ad
191 1884 342 1941 castrum
372 1875 590 1958 praelibatum
621 1875 787 1940 accedens
812 1882 946 1939 tantam
969 1883 1076 1939 teme·

124 1972 262 2041 ritatem
285 1975 424 2040 studeat
439 1975 639 2054 vindicare3
673 1994 819 2057 cumque
842 1975 980 2038 domino
1003 1975 1076 2057 regi
1088 1989 1238 2080 {3233

125 2075 218 2142 dicta
250 2075 436 2159 placuisset
462 2076 646 2153 sententia,
669 2076 745 2158 ipso
771 2075 929 2158 jubente,
958 2095 1077 2140 omnes
1208 2068 1213 2079 ’

126 2176 169 2240 ad
198 2196 298 2240 arma
318 2196 423 2259 quam
446 2176 548 2239 citius
574 2177 800 2240 convolantes
825 2175 869 2238 ad
896 2175 1076 2240 castellum

125 2276 168 2341 de
201 2276 386 2353 Bedeford,
420 2283 492 2340 tam
516 2270 646 2341 ²clerus
674 2295 778 2357 quam
808 2276 970 2359 populus,
1002 2297 1078 2359 per-

126 2385 303 2441 venerunt.
342 2375 463 2440 Missis
480 2376 588 2458 igitur
604 2395 626 2440 a
643 2396 724 2458 rege
741 2376 871 2440 nuntiis
890 2377 933 2440 ad
949 2378 1077 2459 magis-

125 2483 198 2542 tros
222 2476 444 2553 castellanos,
471 2478 573 2559 petiit
597 2476 791 2557 ingressum
825 2475 892 2540 sibi
922 2477 1009 2554 dari,
1042 2486 1078 2543 et

126 2575 318 2641 Henricum
343 2576 386 2641 de
409 2576 576 2640 Braibroc
597 2576 828 2660 justiciarium
855 2596 955 2641 suum
982 2578 1077 2642 reddi

125 2677 314 2742 mandavit.
365 2676 562 2741 Willelmus
581 2696 719 2759 quoque
733 2676 775 2739 dc
792 2677 955 2754 Breautc,
970 2677 1078 2742 frater

126 2777 289 2855 Falcasii,
305 2776 415 2841 etalii
438 2776 574 2854 inclusi,
596 2777 726 2840 nuntiis
755 2778 1017 2859 responderunt,
1039 2798 1077 2841 se

125 2877 307 2941 castellum
331 2897 401 2940 non
421 2876 616 2941 reddituros
634 2876 701 2940 nisi
722 2876 801 2940 inde
821 2896 842 2940 a
859 2876 996 2941 domino
1013 2897 1077 2942 suo

127 2977 289 3041 Falcasio
322 2985 535 3060 praeceptum
562 2977 741 3053 haherent,
766 2983 801 3040 et
824 2977 869 3040 ob
895 2976 961 3040 hoc
985 2997 1076 3060 prae-

125 3077 239 3160 cipue,
261 3077 354 3160 quod
377 3076 453 3159 regi
479 3078 522 3142 de
549 3077 711 3158 homagio
733 3075 789 3140 vel
815 3075 983 3140 fidelitate
1007 3097 1077 3141 non

125 3179 331 3243 tenebantur
348 3178 495 3243 astricti.
548 3176 650 3256 Quod
677 3194 878 3259 responsum
898 3196 976 3239 cum
1003 3179 1075 3259 regi

125 3277 361 3342 renuntiatum
376 3278 512 3356 suisset,
535 3276 736 3359 indignatus
752 3283 806 3340 est
822 3277 935 3354 valde,
959 3285 994 3341 et
1009 3277 1075 3340 ira-

126 3385 184 3442 tus
210 3377 319 3462 jussit
348 3378 529 3442 castellum
554 3379 671 3442 cuneis
695 3377 901 3440 militaribus
931 3376 1076 3440 circum·

125 3478 241 3560 cingi3
271 3478 323 3541 illi
343 3497 438 3556 vero,
461 3496 537 3541 sese
558 3477 602 3541 ad
625 3476 856 3541 defensionem
878 3495 1077 3559 pracparan-

126 3585 191 3658 tes‚
218 3597 335 3642 muros
363 3585 399 3642 ct
428 3577 690 3661 propugnacula
716 3576 868 3658 undique
896 3576 1077 3641 defendere

125 3684 347 3743 vacaverunt.
413 3677 514 3741 Tunc
547 3676 825 3760 archiepiscopus
858 3683 894 3740 et
924 3677 1077 3761 episcopi

161 3869 305 3921 ¹Henricus
326 3873 355 3920 de
377 3871 526 3935 Braibrcc.]
554 3870 585 3920 In
609 3872 669 3920 broc
679 3873 712 3932 by
725 3871 766 3919 hin
775 3871 885 3932 brother,
896 3872 914 3921 i.
926 3887 952 3932 p.
965 3875 1022 3920 1⁷5.

125 3942 350 4005 Rymeris'awrit
361 3942 390 3990 of
403 3942 446 3991 the
462 3941 534 4003 king,
551 3941 586 4002 hy
611 4002 614 4008 Ι
645 3936 779 4003 *Οῑενιιε.]
803 3941 846 3989 An
864 3946 971 3990 account
987 3941 1016 3990 of
1030 3943 1072 3991 the

125 4012 209 4063 which
217 4012 477 4074 heramitahisangar
486 4012 587 4074 against
611 4010 654 4059 aid
672 4010 802 4059 lurnished
821 4013 855 4072 by
873 4011 916 4060 the
937 4012 1023 4074 clergy
1041 4028 1073 4061 on

125 4083 244 4134 Golinde
255 4082 375 4144 Breaute,
385 4082 471 4132 which
487 4081 519 4132 he
534 4081 586 4131 had
611 4082 661 4130 this
672 4081 789 4130 occasion
805 4082 828 4130 is
845 4082 968 4130 inawrit
985 4084 1020 4143 by
1030 4082 1073 4131 the

125 4153 282 4218 entertained
295 4153 397 4215 against
415 4151 466 4201 him
485 4153 524 4201 sor
543 4153 586 4201 tha
611 4152 683 4214 king,
694 4151 771 4200 dated
785 4151 906 4214 Bodiord,
918 4151 977 4201 l8th
988 4152 1058 4214 Aug.
1066 4167 1074 4212 ;

125 4224 314 4287 imprimnment
323 4223 353 4273 oi
367 4223 457 4285 Henry
468 4223 500 4273 de
512 4224 586 4274 Brai-
612 4223 687 4282 Rym.
699 4223 718 4273 i.
734 4238 760 4284 p.
774 4226 831 4272 175.
