2864 4866
342 385 386 449 26
594 399 730 448 accunt
755 400 802 446 na
825 398 1031 447 wuunovan

181 576 237 615 an.
249 573 305 614 121⁷,
343 558 455 621 cibum
480 563 641 632 sumeret,
658 556 703 619 ad
720 576 836 638 regem
860 575 1020 621 reversus
1043 555 1161 621 retulit
1176 575 1294 619 coram

343 657 459 738 legato
482 656 599 720 omnia
621 675 698 740 quae
732 657 939 731 acciderant,
963 656 1023 739 qui
1055 657 1186 738 gratias
1214 656 1293 721 Deo

343 777 421 821 cum
447 757 633 842 lachrymis
663 763 808 839 agentes
838 755 956 820 fletum
982 757 1084 821 citius
1113 765 1294 822 converte·

343 865 425 920 runt
450 858 485 920 in
518 857 636 921 risum.
707 857 813 921 Mane
848 864 963 921 autem
994 858 1100 935 facto,
1123 864 1294 922 venerunt

344 957 456 1020 nuntii
479 958 523 1020 ad
546 977 674 1038 regem,
696 958 755 1040 qui
776 957 950 1034 dixerunt,
970 957 1097 1021 milites
1120 957 1164 1020 de
1187 957 1294 1020 Mun·

343 1056 434 1120 sorel
456 1063 608 1121 castrum
630 1057 811 1139 reliquisse
834 1065 869 1122 et
891 1056 1087 1138 aufugisse3
1116 1056 1207 1120 unde
1229 1077 1294 1121 rex

343 1156 538 1221 vicecomiti
558 1156 601 1221 de
625 1156 842 1239 Notingham
865 1156 960 1221 dedit
976 1157 1012 1220 in
1034 1156 1218 1234 mandatis,
1241 1164 1293 1233 nt,

343 1255 571 1339 personaliter
604 1256 771 1321 accedens
804 1258 848 1320 ad
882 1256 1074 1334 castellum,
1095 1255 1182 1320 illud
1210 1257 1293 1320 snb·

343 1362 494 1421 verteret
511 1375 552 1420 ac
569 1357 708 1440 penitus
729 1357 976 1439 complanaret.

425 1529 566 1615 Defapa
582 1527 730 1594 beroeam
744 1539 772 1593 et
785 1530 985 1593 Francorum
998 1550 1019 1593 a
1033 1527 1212 1594 biacobtia.

183 1669 332 1720 ramora,
395 1653 596 1731 Interfecto,
623 1660 662 1718 ut
684 1653 814 1717 dictum
844 1660 910 1731 est,
937 1653 1063 1718 comite
1088 1652 1293 1729 Perticensi,

182 1721 272 1761 Frenclr.
346 1755 353 1768 ,

343 1754 496 1819 inierunt
517 1753 636 1835 fugam
662 1772 793 1829 omnes,
815 1760 887 1817 tam
911 1754 1045 1836 equites
1068 1772 1172 1836 quam
1194 1752 1293 1835 pedi·

344 1862 409 1932 tes,
438 1874 559 1919 versus
592 1854 711 1918 urbem
743 1853 1013 1931 Londoniarum,
1044 1872 1190 1936 qnorum
1222 1852 1293 1934 pri-

344 1974 420 2017 mus
446 1962 522 2018 erat
541 1953 793 2018 Mareschallns
817 1953 975 2018 Franciae
1000 1973 1077 2017 cnm
1101 1951 1292 2017 castellano

343 2054 387 2118 de
413 2052 523 2119 Artas
553 2061 588 2119 et
614 2053 810 2135 Galligenis
840 2053 1032 2133 universis;
1066 2059 1293 2118 veruntamen

344 2154 445 2218 multi
470 2175 515 2219 ex
532 2155 614 2232 illis,
639 2163 674 2219 et
699 2154 873 2237 praecipue
901 2153 1034 2236 pedites
1063 2153 1134 2216 fere
1162 2170 1292 2229 omues,

343 2253 518 2318 interfecti
538 2254 688 2330 fuerunt,
711 2262 896 2337 antequam
914 2253 959 2318 ad
973 2252 1194 2321 Lodowicum
1218 2272 1292 2334 per-

344 2354 534 2441 uenissent,
568 2355 727 2417 exierunt
759 2355 849 2418 enim
886 2355 935 2418 eis
965 2354 1103 2418 obviam
1136 2352 1293 2415 homines

345 2453 518 2530 villarum,
540 2473 603 2537 per
625 2472 712 2536 quas
734 2453 852 2535 fugam
875 2453 1042 2530 fecerunt,
1066 2473 1143 2517 cnm
1165 2451 1291 2534 gladiis

343 2560 380 2615 et
405 2552 566 2628 fustibus,
589 2559 624 2617 et
646 2553 774 2616 multos
802 2552 915 2636 plagis
942 2553 1112 2635 impositis
1138 2571 1292 2635 pereme-

344 2657 437 2715 runt.
491 2652 622 2716 Milites
646 2672 782 2735 qnoque
799 2653 935 2718 circiter
952 2651 1091 2717 ducenti
1111 2651 1155 2717 ad
1173 2653 1291 2716 urbem

345 2750 604 2816 Londoniarum
625 2753 803 2817 venientes
827 2752 1013 2817 Lodowico
1039 2771 1115 2816 sese
1140 2771 1292 2834 praesen-

342 2858 521 2930 taverunt,
553 2852 711 2915 luctuosa
742 2853 775 2916 ei
803 2852 929 2916 damna
961 2852 1184 2931 nuntiantes3
1217 2853 1294 2935 qui·

343 2952 409 3015 bns
431 2951 506 3033 ipse
528 2952 772 3017 subsannando
798 2951 1009 3035 respondens
1032 2952 1094 3029 ait,
1117 2951 1209 3036 quod
1230 2972 1293 3035 per

344 3071 462 3116 eornm
488 3051 608 3135 fugam
638 3052 725 3116 socii
755 3071 871 3116 eorum
894 3054 987 3135 capti
1012 3053 1164 3131 fuerunt,
1198 3053 1292 3136 qnia,

344 3152 375 3215 si
399 3152 467 3234 ipsi
497 3153 534 3217 in
564 3151 683 3236 praelio
714 3152 972 3229 remansissent,
1003 3160 1103 3218 etse
1136 3154 1226 3217 forte
1258 3158 1293 3216 et

344 3252 457 3316 socios
481 3273 563 3318 suos
590 3273 612 3317 a
645 3251 804 3336 captione
833 3260 868 3317 et
896 3253 1050 3336 periculo
1075 3253 1291 3317 liberassent.

346 3350 563 3417 Credendum
586 3358 640 3417 est
660 3352 779 3436 itaque
808 3352 1043 3417 confusionem
1066 3351 1155 3415 hanc
1178 3352 1293 3416 Lodo-

345 3451 433 3515 wico
457 3472 498 3516 ac
527 3453 714 3516 baronibus
740 3450 879 3533 Angliae
905 3453 1002 3534 justo
1026 3451 1095 3514 Dei
1127 3450 1294 3515 accidisse

341 3548 486 3634 jndicio,
509 3552 580 3632 qni,
599 3551 673 3633 jam
693 3551 764 3615 fere
784 3570 846 3633 per
867 3551 1041 3614 biennium
1062 3550 1099 3614 iu
1121 3551 1294 3616 sententia

343 3649 712 3714 excommunicationis
742 3651 938 3727 inveterati,
968 3651 1034 3714 nisi
1055 3671 1117 3734 per
1139 3651 1292 3716 divinam

345 3749 578 3831 plecterentur
611 3751 843 3827 severitatem,
879 3750 1032 3815 dicerent
1064 3751 1218 3816 homines
1255 3752 1292 3815 iu

344 3850 506 3914 cordibus
529 3850 601 3914 suis
624 3849 731 3914 ‘Non
754 3856 806 3914 est
822 3851 943 3930 Deus,'
957 3858 992 3916 et
1009 3852 1059 3915 sic
1075 3872 1144 3916 non
1160 3852 1292 3917 inveni·

344 3955 440 4013 retur
469 3951 529 4033 qui
562 3950 691 4016 laceret
716 3952 857 4030 bonum,
886 3971 949 4017 nec
978 3953 1082 4017 etiam
1110 3971 1220 4035 nsque
1247 3952 1293 4016 ad

343 4067 464 4113 vrrnm.
