2864 4866
309 388 375 458 200
560 402 695 452 uocaui
719 402 767 448 na
791 399 997 451 wnunovnu

148 581 204 620 su.
216 581 271 619 122⁹·
311 569 411 626 verat
431 561 717 645 persecutionem,
739 561 790 625 ita
809 560 902 643 quod
921 558 1065 623 castella
1086 556 1162 641 ejus
1182 577 1260 620 cum

313 662 414 725 terris
430 670 466 725 ct
480 661 755 745 possessionibus
771 660 967 742 occupavit,
990 666 1025 722 et
1040 658 1136 721 velut
1151 657 1262 721 hostis

311 761 470 844 publicus
486 761 616 825 detinet
632 767 831 843 occupatas.

321 912 324 917 Ι
389 935 441 1001 Dc
456 933 582 1001 decimis
600 934 747 1022 Grcporio
756 956 853 1021 pupae
867 932 907 1000 ab
922 933 1044 1021 Aupliu
1059 932 1191 1000 collutis.

150 1063 251 1114 bulen»
365 1061 434 1125 Per
456 1061 544 1126 idem
574 1068 721 1143 tempuS,
753 1080 831 1124 cum
860 1060 1025 1142 magister
1054 1056 1264 1141 Stephanus,

152 1117 189 1154 the
200 1113 284 1160 nuncio,

151 1164 271 1254 {glgggffi
314 1161 441 1226 domini
463 1181 565 1244 papae
587 1162 787 1244 capellanus
809 1167 844 1224 et
861 1160 1014 1236 nuntius,
1036 1159 1111 1240 regi
1130 1156 1265 1238 Anglo-

152 1265 272 1353 ffiggpffi·
315 1281 389 1324 rum
406 1262 546 1343 negotia
559 1261 669 1342 ipsius
685 1280 786 1343 papae
803 1267 838 1324 et
852 1261 907 1323 sui
929 1279 1070 1322 causam
1094 1258 1263 1321 adventus

152 1375 212 1414 Μ’·
318 1361 537 1440 ostendisset,
568 1360 650 1424 fecit
670 1380 734 1424 rex
759 1360 942 1424 convenire
971 1358 1064 1440 apud
1086 1358 1263 1422 Westmo-

315 1460 502 1525 nasterium
515 1461 711 1536 Dominica,
729 1479 800 1543 qua
814 1465 975 1523 cantatur
989 1451 1266 1521 ¹‘Misericordia

316 1560 480 1637 Domini,’
494 1558 783 1642 archiepiscopos
807 1560 999 1643 episcopos,
1021 1559 1174 1633 abbates,
1198 1557 1266 1638 pri-

316 1678 405 1735 ores,
416 1659 645 1742 Templari0S,
655 1657 928 1741 HospitalarioS,
937 1658 1092 1734 comites,
1106 1657 1265 1732 barones,

316 1760 537 1824 ecclesiarum
566 1766 730 1836 rectores,
762 1766 798 1823 et
827 1758 1016 1842 quidese
1042 1758 1206 1821 tenebant
1230 1757 1266 1819 in

315 1860 441 1941 capite,
466 1859 510 1923 ad
531 1858 644 1923 locum
668 1859 848 1941 praefixum
867 1867 902 1923 et
917 1858 1020 1934 diem,
1042 1864 1083 1920 ut
1106 1856 1265 1920 audirent

317 1960 458 2040 negotia
485 1966 676 2023 memorata
697 1968 732 2023 et
754 1959 797 2022 de
824 1978 938 2022 rerum
964 1957 1149 2039 exigentiis
1175 1975 1269 2019 com-

317 2060 467 2122 muniter
482 2066 671 2123 tractarent
686 2057 823 2122 ibidem.
877 2057 1045 2121 Omnibus
1061 2056 1167 2138 igitur
1184 2076 1268 2119 con-

318 2160 484 2240 gregatis,
499 2166 572 2223 tam
585 2159 683 2222 laicis
698 2178 801 2241 quam
819 2158 985 2239 praelatis
1001 2165 1036 2220 et
1054 2176 1171 2220 eorum
1187 2158 1269 2219 sub-

315 2259 431 2342 jectis,
462 2259 629 2340 magister
657 2258 854 2341 Stephanus
887 2277 1003 2321 coram
1028 2257 1187 2320 omnibus
1215 2277 1268 2319 re·

320 2359 442 2422 citavit
467 2358 586 2421 literas
610 2357 740 2421 domini
764 2377 877 2441 papae,
900 2359 936 2420 in
959 2357 1083 2439 quibus
1106 2357 1270 2439 exigebat

320 2458 471 2520 decimas
486 2459 637 2520 omnium
657 2477 770 2521 rerum
785 2457 962 2521 mobilium
977 2457 1019 2519 de
1032 2463 1109 2520 tota
1126 2455 1269 2537 Anglia,

306 2557 493 2620 'Hibernia
512 2565 547 2621 et
561 2557 703 2635 Wallia,
725 2558 768 2620 ab
793 2557 965 2621 universis
988 2557 1086 2620 laicis
1109 2564 1145 2620 et
1169 2556 1269 2620 cleri-

321 2657 383 2733 cis,
400 2658 441 2720 ad
460 2676 620 2737 guerram
638 2677 736 2720 suam
754 2657 1003 2733 sustinendam,
1021 2676 1126 2738 quam
1148 2665 1271 2720 contra

323 2756 519 2820 Romanum
541 2757 784 2839 imperatorem
811 2763 1012 2839 susceperat
1038 2756 1268 2820 Fredericum.

323 2855 485 2920 Ostendit
512 2864 628 2921 autem
648 2857 685 2919 in
712 2857 822 2920 literis
844 2856 1054 2934 memoratis,
1081 2856 1173 2939 quod
1196 2857 1271 2938 ipse

321 2957 417 3020 solus
439 2955 529 3020 hanc
554 2957 808 3039 expeditionem
834 2963 1034 3040 susceperat
1053 2976 1115 3038 pro
1135 2957 1271 3020 univer·

321 3056 388 3119 sali
422 3057 579 3134 ccclesia,
612 3076 715 3139 quam
753 3057 866 3120 dietus
895 3057 1083 3138 imperator
1110 3055 1185 3139 jam
1213 3056 1272 3119 diu

323 3156 641 3220 excommunicatus
669 3163 705 3219 et
732 3156 869 3220 rebellis
900 3157 1100 3221 subvertere
1137 3157 1271 3233 nititur,

320 3255 413 3320 sicut
428 3257 643 3320 evidentibus
670 3263 816 3338 apparet
838 3256 992 3334 iudiciis;
1020 3257 1122 3333 unde,
1141 3256 1272 3321 divitiae

323 3356 414 3420 sedis
445 3356 645 3439 apostolieae
675 3375 754 3420 cum
789 3376 857 3420 non
885 3355 1059 3420 sufficiant
1085 3355 1129 3420 ad
1157 3357 1271 3438 ipsum

323 3455 635 3532 exterminandum,
663 3457 870 3520 necessitate
896 3456 1094 3538 compulsus
1122 3457 1167 3520 ab
1194 3457 1271 3519 uni·

323 3556 433 3618 versis
451 3556 605 3619 ecclesiae
620 3555 699 3619 filiis
714 3555 877 3638 implorat
894 3555 1075 3633 auxilium,
1098 3576 1159 3638 per
1179 3556 1272 3638 quod

322 3654 577 3736 expeditionem
605 3655 802 3719 inchoatam
825 3656 919 3720 etin
946 3663 1045 3738 parte
1068 3655 1143 3739 jam
1167 3655 1273 3719 fclici-

322 3760 376 3815 ter
392 3761 631 3837 prosperatam
650 3755 835 3836 perducere
848 3755 965 3820 valeat
982 3755 1025 3820 ad
1044 3754 1273 3819 desideratum

323 3851 493 3916 effectum.
540 3853 733 3919 Persuadet
755 3855 902 3938 denique
924 3856 1082 3919 dominus
1111 3875 1215 3939 papa,
1237 3856 1273 3919 in

321 3953 543 4017 conclusione
570 3955 712 4035 negotii,
738 3955 885 4036 singulis
918 3955 1072 4019 ecclesiae
1099 3957 1273 4034 membris,

358 4124 545 4178 ¹Misericordia
556 4131 679 4197 Domina]
703 4133 756 4185 The
768 4134 862 4184 second
877 4134 983 4197 Sunday
994 4133 1059 4183 aiter
1070 4134 1172 4197 Easter,
1187 4133 1215 4183 in
1224 4134 1277 4184 this

322 4212 383 4258 year
394 4199 436 4249 the
447 4199 508 4249 auth
519 4199 548 4250 of
555 4201 639 4264 April.
