2864 4866
350 420 395 485 84
613 435 747 484 nocnru
773 436 818 482 nn
842 434 1050 483 wannovnn

191 621 312 661 sonna
352 601 486 678 patrem
513 616 626 673 suum,
656 595 895 672 confirmaret3
938 599 985 670 et,
1016 592 1106 657 sicut
1133 591 1303 674 archiepi-

351 716 478 780 scopus
511 697 663 761 ostendit
695 696 882 774 evidenter,
914 694 1004 757 idem
1043 714 1105 758 rex
1137 693 1305 774 diffugere

352 818 421 861 nou
451 798 566 880 potuit
599 797 682 880 quin
713 797 779 862 hoc
810 795 952 873 faceret,
985 814 1062 858 oum
1096 795 1131 858 in
1165 812 1304 858 recessu

352 898 529 962 Lodowici
558 899 602 961 ab
633 897 765 978 Anglia
795 896 940 980 juravit,
969 902 1005 960 et
1034 902 1109 960 tota
1140 894 1304 957 nobilitas

351 1000 450 1080 regni
467 1019 545 1062 cum
560 1018 613 1074 eo,
633 997 725 1080 quod
743 997 921 1060 libertates
945 996 1166 1078 praescriptas
1184 1013 1305 1058 omnes

352 1101 578 1164 observarent
602 1105 637 1162 et
667 1099 826 1162 omnibus
854 1097 1030 1160 traderent
1058 1094 1305 1160 observandas.

353 1198 456 1278 Quod
474 1199 616 1263 audiens
631 1197 828 1261 Willelmus
846 1197 1010 1273 Brivvere‚
1032 1196 1092 1279 qui
1112 1215 1202 1259 unus
1227 1201 1304 1258 erat

352 1320 397 1364 ex
422 1298 626 1365 consiliariis
653 1299 757 1380 regis,
780 1317 843 1381 pro
866 1317 947 1378 rege
969 1297 1179 1378 respondens
1202 1295 1306 1372 dixit,

353 1399 569 1464 ‘Libertates
595 1418 681 1482 quas
707 1397 837 1480 petitis,
861 1398 943 1480 quia
962 1396 1131 1461 violenter
1154 1402 1304 1460 extortae

352 1499 504 1578 fuerunt,
525 1519 595 1565 non
622 1499 749 1563 debent
771 1499 814 1563 de
839 1498 919 1582 jure
944 1495 1143 1562 observari’
1195 1494 1302 1574 Quod

352 1602 496 1664 verbum
524 1599 802 1682 archiepiscopus
833 1599 977 1662 moleste
1005 1597 1117 1662 ferens
1144 1597 1303 1679 increpa-

353 1701 405 1764 vit
419 1720 495 1765 eum
511 1700 640 1776 dicens,
658 1696 879 1776 ‘Willelme,’
893 1699 1019 1780 inquit,
1039 1698 1090 1762 ‘si
1112 1716 1230 1779 regem
1249 1695 1304 1759 di-

352 1801 490 1883 ligeres,
506 1820 626 1883 pacem
638 1801 736 1883 regni
751 1820 820 1863 non
836 1797 1043 1882 impedires!
1080 1797 1214 1864 Videns
1236 1816 1302 1861 au-

353 1908 423 1965 tem
460 1922 523 1966 rex
562 1901 856 1984 archiepiscopum
895 1900 930 1963 in
967 1899 1053 1964 iram
1092 1904 1303 1964 commotum

352 2000 453 2079 dixit,
474 2001 627 2066 ‘Omnes
651 2002 829 2065 libertates
852 1999 932 2063 illas
950 1999 1157 2083 juravimus,
1176 2005 1212 2062 et
1230 2017 1305 2062 om·

353 2121 414 2165 nes
440 2103 573 2166 astricti
593 2122 724 2179 sumus,
743 2108 782 2166 ut
804 2099 896 2182 quod
920 2099 1114 2184 juravimus
1139 2101 1302 2163 observe-

352 2222 428 2265 mus
440 2202 461 2281 ;’
487 2210 523 2265 et
537 2223 598 2266 rex
613 2203 783 2284 protinus,
801 2200 919 2265 habito
942 2221 1046 2283 super
1061 2200 1126 2264 hoc
1142 2199 1302 2277 consilio,

352 2295 461 2365 misit¹
485 2303 604 2365 literas
624 2322 705 2365 suas
722 2302 765 2365 ad
787 2301 942 2383 singulos
959 2302 1176 2366 vicecomites
1192 2300 1304 2382 regni,

352 2409 390 2465 ut
418 2422 479 2483 per
509 2402 635 2465 milites
665 2401 844 2465 duodecim
882 2401 937 2466 vel
972 2401 1102 2484 legales
1141 2400 1297 2464 homines

350 2501 621 2586 uniuscujusque
641 2502 825 2566 comitatus
849 2522 911 2584 per
930 2509 1182 2566 sacramentum
1206 2499 1301 2565 face-

351 2609 427 2665 rent
455 2601 595 2685 inquiri,
627 2622 705 2686 quae
730 2601 869 2665 fuerunt
900 2602 1077 2667 libertates
1106 2602 1142 2665 in
1169 2600 1301 2683 Anglia

351 2708 505 2784 tempore
521 2702 613 2784 regis
632 2701 777 2766 Henrici
796 2703 853 2767 avi
870 2701 936 2780 sui,
960 2702 1137 2767 etfaciam
1154 2701 1301 2783 inquisi-

350 2801 479 2865 tionem
509 2803 599 2884 apud
631 2801 829 2866 Londonias
859 2803 1035 2867 mitterent
1058 2802 1101 2866 ad
1125 2821 1241 2884 regem
1263 2801 1300 2865 in

350 2901 542 2983 quindecim
560 2903 680 2966 diebus
697 2912 777 2985 post
794 2901 943 2967 Pascha.

437 3079 487 3142 De
501 3079 696 3144 altercatione
709 3079 792 3143 inter
812 3079 964 3144 Wdlansas
978 3086 1006 3142 ot
1025 3075 1214 3142 Willelmwm

702 3179 938 3243 Marescallam.

189 3313 338 3407 plumea·
408 3298 557 3368 Eodem²
589 3324 693 3382 anno,
723 3304 804 3369 dum
829 3303 1025 3368 Willelmus
1057 3301 1301 3380 Marescallus,

348 3423 462 3467 comes
486 3404 654 3483 Penbroc,
677 3404 744 3469 fuit
769 3406 804 3468 in
832 3404 1014 3481 Hibernia,
1038 3401 1212 3480 LoelinnS,
1236 3423 1300 3469 rex

384 3614 475 3666 ¹Misit
486 3617 572 3666 literas
582 3615 658 3679 saca]
680 3619 757 3668 dated
768 3619 810 3668 the
834 3623 909 3668 count
923 3620 952 3669 oi
963 3621 1033 3669 these
1045 3619 1234 3682 disturbances,
1246 3621 1298 3670 and

348 3687 407 3736 soth
418 3687 448 3736 os
459 3688 477 3736 J
479 3702 592 3750 annary3
615 3690 720 3752 Rymer,
731 3690 780 3738 vol.
792 3690 809 3738 i.
833 3689 906 3752 adde,
911 3690 975 3751 that,
980 3691 1022 3739 the
1030 3689 1094 3752 king
1100 3691 1208 3752 sending
1216 3690 1299 3742 forces

348 3772 374 3818 p.
387 3761 444 3808 168.
833 3765 858 3807 to
877 3761 921 3809 aid
939 3761 981 3810 the
1001 3761 1065 3823 earl,
1084 3760 1226 3822 Llevvellyn
1241 3777 1298 3812 was

382 3824 489 3877 ²Eodem
499 3830 582 3892 oona]
606 3828 660 3878 The
678 3830 809 3878 extension
833 3829 893 3891 glad
904 3835 931 3879 to
942 3831 1064 3880 conclude
1076 3845 1093 3879 a
1103 3844 1191 3893 peace.
1214 3831 1297 3882 There

346 3896 376 3947 of
390 3898 450 3947 time
469 3899 544 3961 given
557 3904 582 3948 to
597 3899 648 3948 this
661 3903 744 3964 trealy
754 3914 810 3949 vvas
832 3900 855 3949 is
880 3914 896 3948 a
924 3901 1112 3951 saie-conduct
1140 3901 1244 3963 granted
1270 3907 1297 3952 to

346 3972 372 4017 to
397 3969 484 4030 expire
507 3973 534 4017 at
556 3969 656 4031 Eaeter,
676 3973 749 4019 122³.
785 3969 810 4018 It
833 3969 972 4033 Llevvellyn
990 3977 1016 4021 to
1035 3985 1105 4021 come
1124 3974 1152 4020 to
1169 3971 1212 4021 the
1232 3972 1297 4037 lring

346 4052 455 4100 appears
471 4037 526 4087 that
541 4039 682 4101 Llevvellyn
693 4040 753 4088 took
764 4039 809 4087 ad·
831 4045 858 4088 at
880 4040 1032 4104 worcester,
1053 4057 1086 4090 on
1111 4040 1154 4090 the
1181 4042 1297 4106 Monday

345 4114 454 4172 ventage
472 4109 643 4171 immediately
661 4109 690 4158 ol
709 4111 743 4160 its
762 4125 807 4158 ex·
830 4109 896 4159 aiter
912 4111 948 4161 St.
962 4112 1031 4162 John
1048 4110 1172 4173 Bnptiet’s
1189 4112 1241 4175 day
1252 4112 1297 4180 (24

345 4179 456 4240 piratiou
474 4184 499 4229 to
518 4195 689 4229 recommeoce
707 4180 807 4229 hostili·
829 4179 921 4248 June),
937 4182 1038 4244 printed
1060 4183 1088 4233 in
1105 4182 1209 4247 Rymer,
1230 4184 1248 4238 i.
1268 4199 1296 4247 p.

346 4249 403 4299 ties.
440 4249 606 4317 Heminglord
626 4251 697 4314 gives
712 4265 743 4300 an
763 4248 806 4301 ac-
830 4255 887 4302 168.
