2864 4866
344 394 389 460 38
595 404 729 453 nonani
754 403 801 450 na
826 401 1032 451 wannovnn

186 599 308 642 nonan.
348 565 450 630 simul
465 572 500 629 at
514 565 703 647 cogonibus
726 562 932 647 conjunctis,
954 561 991 624 in
1012 559 1181 624 malorum
1204 577 1300 621 sum·

348 666 526 730 mitatibus
551 664 664 729 scalas
683 668 920 747 praepararent
934 668 970 725 et
984 661 1020 724 in
1036 661 1086 725 eis
1102 659 1303 723 balistarios

349 771 547 831 statuerunt
572 773 607 829 et
634 771 799 841 armatoS,
831 763 921 826 unde
953 781 1054 826 suum
1082 760 1301 844 propositum

350 867 577 950 perducerent
591 865 635 928 ad
649 864 819 929 effectum.
867 862 982 945 Igitur
1000 861 1072 926 dux
1095 859 1248 926 Austriae
1265 866 1304 924 et

353 965 540 1048 Hospitale
567 964 679 1029 sancti
706 964 729 1028 J
732 963 879 1028 ohannis
909 982 1013 1045 super
1038 961 1125 1026 duos
1150 979 1304 1042 cogones

353 1066 439 1129 duas
455 1065 569 1129 scalas
585 1063 810 1142 fabricarunt,
833 1083 911 1146 quae
930 1063 1022 1127 circa
1045 1063 1172 1127 festum
1189 1060 1305 1125 sancti

335 1189 337 1194 ’
353 1165 376 1229 J
379 1164 527 1229 ohannis
544 1165 714 1248 Baptistae
731 1171 853 1228 contra
871 1164 993 1228 turrim
1008 1163 1149 1227 fuerunt
1164 1168 1304 1237 erectae,

353 1265 449 1329 illam
465 1264 610 1331 viriliter
626 1263 888 1328 defendentibus
904 1263 1097 1327 Saracenis.
1131 1260 1304 1342 Hospita-

355 1366 520 1429 lariorum
537 1364 644 1438 scala,
667 1362 753 1446 prob
771 1363 890 1428 dolor!
918 1363 1094 1427 confracta
1110 1379 1191 1425 suos
1207 1359 1305 1441 prius

356 1463 588 1548 praecipitavit
603 1464 639 1526 in
662 1462 790 1526 flumen
812 1463 1018 1542 bellatores3
1052 1460 1206 1526 secunda
1220 1479 1306 1524 vero

358 1565 465 1641 scala,
489 1563 586 1626 ducis
608 1562 769 1627 videlicet
784 1561 951 1640 Austriae,
974 1562 1077 1626 simili
1101 1558 1203 1623 modo
1225 1578 1306 1622 cum

357 1663 450 1727 malo
465 1663 589 1726 cecidit
608 1668 644 1727 et
660 1663 787 1728 milites
807 1669 967 1727 strenuos
988 1669 1023 1726 et
1040 1662 1127 1725 alios
1152 1666 1308 1724 armatos

358 1764 395 1827 in
423 1761 543 1825 Nilum
567 1762 742 1841 demersit,
765 1763 826 1828 sed
850 1763 972 1827 horum
997 1761 1149 1826 omnium
1171 1760 1308 1824 animas

360 1861 520 1926 Christus
560 1863 597 1926 in
641 1863 764 1927 caelum
805 1862 937 1928 levavit
966 1861 1101 1926 victrici
1139 1861 1308 1943 martyrio

360 1969 556 2026 coronatas.
608 1962 737 2029 Laetati
769 1969 851 2027 sunt
883 1962 1042 2045 AEgyptii
1074 1960 1308 2037 vehementer,

270 2139 274 2145 ,
359 2062 518 2127 fidelibus
547 2062 802 2128 subsannantes
830 2062 923 2127 etin
946 2062 1165 2144 opprobrium
1188 2080 1308 2124 eorum

360 2163 514 2226 buccinis
537 2169 805 2245 perstrepentes,
828 2168 902 2227 ete
927 2162 1100 2226 contrario
1122 2180 1251 2225 moeror
1272 2168 1311 2226 et

360 2261 475 2326 luctus
507 2260 724 2327 Christianos
754 2263 892 2328 invasit.
944 2261 1044 2327 Tunc
1077 2261 1239 2325 Frisones
1271 2268 1309 2325 et

363 2361 560 2438 Teutonici,
576 2381 721 2444 quorum
745 2362 817 2426 dux
840 2362 906 2428 fuit
925 2382 1041 2427 comes
1058 2359 1244 2445 Adulpbus
1266 2361 1311 2425 de

365 2461 501 2537 Monte,
527 2461 580 2525 vir
604 2462 730 2525 nobilis
758 2469 792 2526 et
822 2469 959 2544 potens,
988 2481 1112 2528 navem
1137 2461 1312 2544 quandam

366 2580 445 2625 cum
477 2560 746 2645 propugnaculis
771 2561 970 2626 munierunt
995 2569 1030 2626 et
1053 2563 1089 2625 in
1113 2561 1313 2626 summitate

362 2658 449 2722 mali
463 2659 645 2724 castellulo
664 2660 833 2741 ordinato.
880 2661 965 2745 Ipsa
978 2681 1061 2728 vero
1083 2662 1184 2726 navis
1200 2681 1222 2726 a
1237 2661 1312 2725 bel-

365 2757 533 2823 latoribus
558 2761 722 2838 civitatis‚
744 2762 848 2825 turris
871 2768 906 2826 et
928 2764 1056 2845 pontis,
1078 2762 1159 2844 igne
1186 2761 1314 2826 Graeco

366 2860 596 2941 impetebatur
631 2866 667 2923 et
700 2861 826 2944 jaculis
859 2861 1092 2938 vehementer,
1122 2882 1200 2945 quae
1232 2867 1313 2925 tan·

367 2958 444 3022 dem
470 2958 552 3039 igne
576 2966 747 3042 correpta,
772 2982 850 3025 cum
875 2962 1035 3026 timerent
1059 2960 1247 3026 Christiani
1270 2980 1314 3024 ne

366 3059 506 3141 penitus
522 3067 795 3140 consumeretur,
818 3061 1015 3126 defensores
1037 3061 1113 3145 ejus
1127 3063 1242 3143 ignem
1259 3060 1311 3125 vi-

367 3158 477 3222 riliter
501 3160 754 3238 exstinxerunt,
778 3181 818 3226 ac
840 3161 1001 3245 deinceps
1022 3163 1149 3226 damna
1165 3161 1315 3244 plurima

366 3278 429 3339 per
454 3257 665 3338 balistarios,
684 3262 743 3343 qui
767 3261 860 3325 intus
883 3270 993 3339 erant,
1020 3261 1202 3326 Saracenis
1224 3261 1314 3324 fece-

368 3365 472 3436 runt;
500 3357 560 3422 sed
583 3367 619 3423 et
639 3360 718 3423 aliae
741 3360 891 3424 fidelium
913 3380 1020 3427 naves
1045 3361 1315 3444 propugnaculis

367 3456 522 3532 munitae,
551 3457 657 3541 hujus
684 3460 836 3523 assultus
862 3467 1016 3544 tempore
1047 3481 1126 3544 quae
1156 3459 1315 3525 anchoris

368 3555 455 3619 turri
479 3554 702 3621 adhaerebant
728 3558 820 3637 fixae,
848 3561 959 3625 multa
992 3562 1230 3627 sustinuerunt
1260 3578 1315 3623 re·

368 3674 444 3717 rum
462 3661 497 3718 et
511 3655 686 3720 hominum
705 3658 924 3724 detrimenta.

342 3861 349 3870 ·
392 3829 442 3893 Da
459 3828 598 3914 captione
615 3831 714 3894 tants
726 3833 885 3918 predicta
899 3843 927 3899 at
943 3835 1027 3900 miro
1046 3835 1294 3900 Christianorum

754 3932 922 4018 probitate.

240 4087 325 4116 som
419 4051 586 4133 Tandem,
605 4056 755 4122 Domino
777 4057 1036 4123 demonstrante
1058 4066 1094 4122 et
1109 4056 1317 4142 architecto-

215 4137 278 4166 ⁵⁰¹¹'
369 4152 476 4230 ribus,
499 4174 540 4218 eo
562 4154 725 4233 donante,
748 4159 1023 4240 providentibus,
1046 4157 1316 4223 Teutonicorum
