<?xml version="1.0" encoding="UTF-8"?>
<!DOCTYPE html PUBLIC "-//W3C//DTD XHTML 1.0 Transitional//EN"
    "http://www.w3.org/TR/xhtml1/DTD/xhtml1-transitional.dtd">
<html xmlns="http://www.w3.org/1999/xhtml" xml:lang="en" lang="en">
 <head>
  <title>
</title>
<meta http-equiv="Content-Type" content="text/html;charset=utf-8" />
  <meta name='ocr-system' content='tesseract 3.04.00' />
  <meta name='ocr-capabilities' content='ocr_page ocr_carea ocr_par ocr_line ocrx_word'/>
</head>
<body>
  <div class='ocr_page' id='page_1' title='image "./rogeridewendove03rogegoog_0270.png"; bbox 0 0 2864 4866; ppageno 0'>
   <div class='ocr_carea' id='block_1_1' title="bbox 368 425 1056 491">
    <p class='ocr_par' dir='ltr' id='par_1_1' title="bbox 368 425 1056 491">
     <span class='ocr_line' id='line_1_1' title="bbox 368 425 1056 491; baseline 0.003 -3"><span class='ocrx_word' id='word_1_1' title='bbox 368 441 507 490; x_wconf 76' lang='lat' dir='ltr'><strong>mouns</strong></span> <span class='ocrx_word' id='word_1_2' title='bbox 531 440 797 491; x_wconf 79' lang='lat' dir='ltr'><strong>nrsronmnuu.</strong></span> <span class='ocrx_word' id='word_1_3' title='bbox 990 425 1056 490; x_wconf 77' lang='lat'><strong>259</strong></span> 
     </span>
    </p>
   </div>
   <div class='ocr_carea' id='block_1_2' title="bbox 106 599 1188 681">
    <p class='ocr_par' dir='ltr' id='par_1_2' title="bbox 106 599 1188 681">
     <span class='ocr_line' id='line_1_2' title="bbox 106 599 1188 681; baseline 0.005 -20"><span class='ocrx_word' id='word_1_4' title='bbox 106 599 195 663; x_wconf 88' lang='lat' dir='ltr'><strong>libus</strong></span> <span class='ocrx_word' id='word_1_5' title='bbox 219 618 281 681; x_wconf 86' lang='lat' dir='ltr'><strong>per</strong></span> <span class='ocrx_word' id='word_1_6' title='bbox 315 599 482 664; x_wconf 88' lang='lat' dir='ltr'><strong>malitiam</strong></span> <span class='ocrx_word' id='word_1_7' title='bbox 507 608 542 665; x_wconf 90' lang='lat' dir='ltr'><strong>et</strong></span> <span class='ocrx_word' id='word_1_8' title='bbox 564 602 732 666; x_wconf 91' lang='lat' dir='ltr'><strong>incuriam</strong></span> <span class='ocrx_word' id='word_1_9' title='bbox 760 602 796 665; x_wconf 92' lang='lat' dir='ltr'><strong>in</strong></span> <span class='ocrx_word' id='word_1_10' title='bbox 823 603 872 666; x_wconf 93' lang='lat' dir='ltr'><strong>eis</strong></span> <span class='ocrx_word' id='word_1_11' title='bbox 895 602 1053 666; x_wconf 91' lang='lat' dir='ltr'><strong>habitan·</strong></span> <span class='ocrx_word' id='word_1_12' title='bbox 1066 616 1188 656; x_wconf 57' lang='lat' dir='ltr'><strong>novae.</strong></span> 
     </span>
    </p>
   </div>
   <div class='ocr_carea' id='block_1_3' title="bbox 1064 666 1189 716">
    <p class='ocr_par' dir='ltr' id='par_1_3' title="bbox 1064 666 1189 716">
     <span class='ocr_line' id='line_1_3' title="bbox 1064 666 1189 716; baseline 0.008 -11"><span class='ocrx_word' id='word_1_13' title='bbox 1064 666 1111 706; x_wconf 80' lang='lat' dir='ltr'><strong>The</strong></span> <span class='ocrx_word' id='word_1_14' title='bbox 1119 667 1189 716; x_wconf 86' lang='lat' dir='ltr'><strong>pope&#39;s</strong></span> 
     </span>
    </p>
   </div>
   <div class='ocr_carea' id='block_1_4' title="bbox 99 700 1210 4362">
    <p class='ocr_par' dir='ltr' id='par_1_4' title="bbox 99 700 1210 4362">
     <span class='ocr_line' id='line_1_4' title="bbox 105 700 1204 806; baseline 0.004 -44"><span class='ocrx_word' id='word_1_15' title='bbox 105 700 192 763; x_wconf 90' lang='lat' dir='ltr'><strong>tium</strong></span> <span class='ocrx_word' id='word_1_16' title='bbox 216 706 298 763; x_wconf 90' lang='lat' dir='ltr'><strong>sunt</strong></span> <span class='ocrx_word' id='word_1_17' title='bbox 318 700 484 784; x_wconf 88' lang='lat' dir='ltr'><strong>collapsa,</strong></span> <span class='ocrx_word' id='word_1_18' title='bbox 506 720 570 764; x_wconf 91' lang='lat' dir='ltr'><strong>nos</strong></span> <span class='ocrx_word' id='word_1_19' title='bbox 598 702 718 785; x_wconf 85' lang='lat' dir='ltr'><strong>culpas</strong></span> <span class='ocrx_word' id='word_1_20' title='bbox 751 723 869 767; x_wconf 90' lang='lat' dir='ltr'><strong>eorum</strong></span> <span class='ocrx_word' id='word_1_21' title='bbox 896 703 1052 767; x_wconf 89' lang='lat' dir='ltr'><strong>nolentes</strong></span> <span class='ocrx_word' id='word_1_22' title='bbox 1064 717 1150 806; x_wconf 57' lang='lat' dir='ltr'><strong>bllff‘gf</strong></span> <span class='ocrx_word' id='word_1_23' title='bbox 1159 718 1204 806; x_wconf 73' lang='lat' dir='ltr'><strong>thef</strong></span> 
     </span>
     <span class='ocr_line' id='line_1_5' title="bbox 104 778 1210 880; baseline 0.005 -19"><span class='ocrx_word' id='word_1_24' title='bbox 104 799 250 864; x_wconf 88' lang='lat' dir='ltr'><strong>ulterius</strong></span> <span class='ocrx_word' id='word_1_25' title='bbox 280 797 345 863; x_wconf 84' lang='lat' dir='ltr'><strong>slib</strong></span> <span class='ocrx_word' id='word_1_26' title='bbox 378 800 651 865; x_wconf 85' lang='lat' dir='ltr'><strong>dissimulatione</strong></span> <span class='ocrx_word' id='word_1_27' title='bbox 673 803 829 880; x_wconf 84' lang='lat' dir='ltr'><strong>transire,</strong></span> <span class='ocrx_word' id='word_1_28' title='bbox 860 823 916 880; x_wconf 91' lang='lat' dir='ltr'><strong>ne,</strong></span> <span class='ocrx_word' id='word_1_29' title='bbox 939 804 969 867; x_wconf 88' lang='lat' dir='ltr'><strong>si</strong></span> <span class='ocrx_word' id='word_1_30' title='bbox 991 822 1051 868; x_wconf 90' lang='lat' dir='ltr'><strong>eas</strong></span> <span class='ocrx_word' id='word_1_31' title='bbox 1064 778 1210 858; x_wconf 58' lang='grc' dir='ltr'><strong>ἷιῖἷιῖεἷῖῗίὲε·</strong></span> 
     </span>
     <span class='ocr_line' id='line_1_6' title="bbox 105 889 1051 984; baseline 0.006 -23"><span class='ocrx_word' id='word_1_32' title='bbox 105 899 333 965; x_wconf 82' lang='lat' dir='ltr'><strong>dimiserimus</strong></span> <span class='ocrx_word' id='word_1_33' title='bbox 365 889 587 979; x_wconf 82' lang='lat' dir='ltr'><strong>incorrectus,</strong></span> <span class='ocrx_word' id='word_1_34' title='bbox 619 901 713 984; x_wconf 90' lang='lat' dir='ltr'><strong>ipsas</strong></span> <span class='ocrx_word' id='word_1_35' title='bbox 752 911 891 967; x_wconf 89' lang='lat' dir='ltr'><strong>nostras</strong></span> <span class='ocrx_word' id='word_1_36' title='bbox 918 900 1051 967; x_wconf 86' lang='lat' dir='ltr'><strong>efficere</strong></span> 
     </span>
     <span class='ocr_line' id='line_1_7' title="bbox 104 1000 1050 1084; baseline 0 -19"><span class='ocrx_word' id='word_1_37' title='bbox 104 1000 293 1078; x_wconf 87' lang='lat' dir='ltr'><strong>videamur,</strong></span> <span class='ocrx_word' id='word_1_38' title='bbox 326 1001 543 1065; x_wconf 86' lang='lat' dir='ltr'><strong>monasteriis</strong></span> <span class='ocrx_word' id='word_1_39' title='bbox 572 1000 654 1080; x_wconf 82' lang='lat' dir='ltr'><strong>illis,</strong></span> <span class='ocrx_word' id='word_1_40' title='bbox 680 1021 757 1084; x_wconf 89' lang='lat' dir='ltr'><strong>quae</strong></span> <span class='ocrx_word' id='word_1_41' title='bbox 787 1002 831 1066; x_wconf 92' lang='lat' dir='ltr'><strong>ad</strong></span> <span class='ocrx_word' id='word_1_42' title='bbox 855 1002 1050 1067; x_wconf 89' lang='lat' dir='ltr'><strong>Romanam</strong></span> 
     </span>
     <span class='ocr_line' id='line_1_8' title="bbox 105 1099 1049 1186; baseline 0.004 -24"><span class='ocrx_word' id='word_1_43' title='bbox 105 1100 283 1164; x_wconf 88' lang='lat' dir='ltr'><strong>ecclesiam</strong></span> <span class='ocrx_word' id='word_1_44' title='bbox 318 1099 414 1164; x_wconf 90' lang='lat' dir='ltr'><strong>nullo</strong></span> <span class='ocrx_word' id='word_1_45' title='bbox 445 1108 636 1165; x_wconf 87' lang='lat' dir='ltr'><strong>noscuntur</strong></span> <span class='ocrx_word' id='word_1_46' title='bbox 664 1101 776 1165; x_wconf 91' lang='lat' dir='ltr'><strong>medio</strong></span> <span class='ocrx_word' id='word_1_47' title='bbox 806 1101 1049 1186; x_wconf 67' lang='lat' dir='ltr'><strong>pertinerem</strong></span> 
     </span>
     <span class='ocr_line' id='line_1_9' title="bbox 103 1199 1049 1283; baseline 0.004 -21"><span class='ocrx_word' id='word_1_48' title='bbox 103 1200 223 1264; x_wconf 88' lang='lat' dir='ltr'><strong>eadem</strong></span> <span class='ocrx_word' id='word_1_49' title='bbox 240 1199 418 1283; x_wconf 88' lang='lat' dir='ltr'><strong>provincia</strong></span> <span class='ocrx_word' id='word_1_50' title='bbox 434 1201 645 1278; x_wconf 91' lang='lat' dir='ltr'><strong>constitutis,</strong></span> <span class='ocrx_word' id='word_1_51' title='bbox 661 1201 870 1279; x_wconf 68' lang='lat' dir='ltr'><strong>visitatores</strong></span> <span class='ocrx_word' id='word_1_52' title='bbox 886 1202 1049 1266; x_wconf 86' lang='lat' dir='ltr'><strong>reforma·</strong></span> 
     </span>
     <span class='ocr_line' id='line_1_10' title="bbox 104 1287 1049 1385; baseline 0.005 -24"><span class='ocrx_word' id='word_1_53' title='bbox 104 1305 196 1363; x_wconf 89' lang='lat' dir='ltr'><strong>tores</strong></span> <span class='ocrx_word' id='word_1_54' title='bbox 214 1306 249 1365; x_wconf 90' lang='lat' dir='ltr'><strong>et</strong></span> <span class='ocrx_word' id='word_1_55' title='bbox 266 1306 488 1377; x_wconf 65' lang='lat' dir='ltr'><strong>correctores</strong></span> <span class='ocrx_word' id='word_1_56' title='bbox 503 1307 574 1364; x_wconf 91' lang='lat' dir='ltr'><strong>tam</strong></span> <span class='ocrx_word' id='word_1_57' title='bbox 589 1301 624 1363; x_wconf 92' lang='lat' dir='ltr'><strong>in</strong></span> <span class='ocrx_word' id='word_1_58' title='bbox 640 1301 754 1384; x_wconf 88' lang='lat' dir='ltr'><strong>capite</strong></span> <span class='ocrx_word' id='word_1_59' title='bbox 771 1321 874 1385; x_wconf 91' lang='lat' dir='ltr'><strong>quam</strong></span> <span class='ocrx_word' id='word_1_60' title='bbox 890 1287 928 1369; x_wconf 80' lang='lat' dir='ltr'><strong>in</strong></span> <span class='ocrx_word' id='word_1_61' title='bbox 942 1323 1049 1375; x_wconf 88' lang='lat' dir='ltr'><strong>mem-</strong></span> 
     </span>
     <span class='ocr_line' id='line_1_11' title="bbox 104 1398 1049 1485; baseline 0.007 -25"><span class='ocrx_word' id='word_1_62' title='bbox 104 1398 187 1477; x_wconf 88' lang='lat' dir='ltr'><strong>bris,</strong></span> <span class='ocrx_word' id='word_1_63' title='bbox 202 1399 443 1482; x_wconf 85' lang='lat' dir='ltr'><strong>deputavimus</strong></span> <span class='ocrx_word' id='word_1_64' title='bbox 460 1400 627 1483; x_wconf 87' lang='lat' dir='ltr'><strong>speciales</strong></span> <span class='ocrx_word' id='word_1_65' title='bbox 641 1421 650 1482; x_wconf 93' lang='lat'>;</span> <span class='ocrx_word' id='word_1_66' title='bbox 680 1401 836 1483; x_wconf 88' lang='lat' dir='ltr'><strong>plenaria</strong></span> <span class='ocrx_word' id='word_1_67' title='bbox 854 1401 918 1466; x_wconf 88' lang='lat' dir='ltr'><strong>sibi</strong></span> <span class='ocrx_word' id='word_1_68' title='bbox 934 1411 1049 1485; x_wconf 89' lang='lat' dir='ltr'><strong>potes-</strong></span> 
     </span>
     <span class='ocr_line' id='line_1_12' title="bbox 103 1499 1050 1576; baseline 0.006 -15"><span class='ocrx_word' id='word_1_69' title='bbox 103 1504 176 1562; x_wconf 87' lang='lat' dir='ltr'><strong>tate</strong></span> <span class='ocrx_word' id='word_1_70' title='bbox 205 1517 381 1576; x_wconf 86' lang='lat' dir='ltr'><strong>concessa,</strong></span> <span class='ocrx_word' id='word_1_71' title='bbox 409 1506 449 1563; x_wconf 91' lang='lat' dir='ltr'><strong>ut</strong></span> <span class='ocrx_word' id='word_1_72' title='bbox 470 1499 653 1564; x_wconf 85' lang='lat' dir='ltr'><strong>visitantes</strong></span> <span class='ocrx_word' id='word_1_73' title='bbox 686 1501 805 1565; x_wconf 90' lang='lat' dir='ltr'><strong>eadem</strong></span> <span class='ocrx_word' id='word_1_74' title='bbox 838 1504 1050 1568; x_wconf 90' lang='lat' dir='ltr'><strong>monasteria</strong></span> 
     </span>
     <span class='ocr_line' id='line_1_13' title="bbox 104 1599 1048 1686; baseline 0.002 -23"><span class='ocrx_word' id='word_1_75' title='bbox 104 1599 180 1663; x_wconf 87' lang='lat' dir='ltr'><strong>vice</strong></span> <span class='ocrx_word' id='word_1_76' title='bbox 197 1605 319 1663; x_wconf 89' lang='lat' dir='ltr'><strong>nostra</strong></span> <span class='ocrx_word' id='word_1_77' title='bbox 338 1600 516 1681; x_wconf 88' lang='lat' dir='ltr'><strong>corrigant</strong></span> <span class='ocrx_word' id='word_1_78' title='bbox 530 1607 566 1664; x_wconf 90' lang='lat' dir='ltr'><strong>et</strong></span> <span class='ocrx_word' id='word_1_79' title='bbox 585 1600 780 1678; x_wconf 84' lang='lat' dir='ltr'><strong>reforment,</strong></span> <span class='ocrx_word' id='word_1_80' title='bbox 804 1621 882 1685; x_wconf 89' lang='lat' dir='ltr'><strong>quae</strong></span> <span class='ocrx_word' id='word_1_81' title='bbox 904 1603 940 1665; x_wconf 95' lang='lat' dir='ltr'><strong>in</strong></span> <span class='ocrx_word' id='word_1_82' title='bbox 962 1602 1048 1686; x_wconf 79' lang='lat' dir='ltr'><strong>ipsis&#39;</strong></span> 
     </span>
     <span class='ocr_line' id='line_1_14' title="bbox 104 1698 1047 1766; baseline 0.005 -5"><span class='ocrx_word' id='word_1_83' title='bbox 104 1698 325 1762; x_wconf 85' lang='lat' dir='ltr'><strong>correctionis</strong></span> <span class='ocrx_word' id='word_1_84' title='bbox 349 1705 384 1762; x_wconf 89' lang='lat' dir='ltr'><strong>et</strong></span> <span class='ocrx_word' id='word_1_85' title='bbox 401 1699 656 1764; x_wconf 83' lang='lat' dir='ltr'><strong>reformationis</strong></span> <span class='ocrx_word' id='word_1_86' title='bbox 681 1699 792 1765; x_wconf 90' lang='lat' dir='ltr'><strong>officio</strong></span> <span class='ocrx_word' id='word_1_87' title='bbox 814 1702 972 1766; x_wconf 87' lang='lat' dir='ltr'><strong>noverint</strong></span> <span class='ocrx_word' id='word_1_88' title='bbox 994 1703 1047 1766; x_wconf 92' lang='lat' dir='ltr'><strong>in-</strong></span> 
     </span>
     <span class='ocr_line' id='line_1_15' title="bbox 104 1797 1046 1880; baseline 0.004 -19"><span class='ocrx_word' id='word_1_89' title='bbox 104 1797 232 1880; x_wconf 85' lang='lat' dir='ltr'><strong>digere,</strong></span> <span class='ocrx_word' id='word_1_90' title='bbox 261 1799 567 1863; x_wconf 86' lang='lat' dir='ltr'><strong>constitutionibus</strong></span> <span class='ocrx_word' id='word_1_91' title='bbox 592 1801 648 1866; x_wconf 90' lang='lat' dir='ltr'><strong>vel</strong></span> <span class='ocrx_word' id='word_1_92' title='bbox 676 1801 944 1865; x_wconf 87' lang='lat' dir='ltr'><strong>correctionibus</strong></span> <span class='ocrx_word' id='word_1_93' title='bbox 969 1802 1046 1866; x_wconf 90' lang='lat' dir='ltr'><strong>aliis</strong></span> 
     </span>
     <span class='ocr_line' id='line_1_16' title="bbox 103 1896 1046 1982; baseline 0.007 -23"><span class='ocrx_word' id='word_1_94' title='bbox 103 1897 139 1960; x_wconf 94' lang='lat' dir='ltr'><strong>in</strong></span> <span class='ocrx_word' id='word_1_95' title='bbox 163 1896 366 1981; x_wconf 89' lang='lat' dir='ltr'><strong>provinciali</strong></span> <span class='ocrx_word' id='word_1_96' title='bbox 393 1900 547 1982; x_wconf 90' lang='lat' dir='ltr'><strong>capitulo</strong></span> <span class='ocrx_word' id='word_1_97' title='bbox 570 1901 636 1964; x_wconf 90' lang='lat' dir='ltr'><strong>rite</strong></span> <span class='ocrx_word' id='word_1_98' title='bbox 656 1901 757 1965; x_wconf 86' lang='lat' dir='ltr'><strong>factis</strong></span> <span class='ocrx_word' id='word_1_99' title='bbox 780 1902 817 1964; x_wconf 94' lang='lat' dir='ltr'><strong>in</strong></span> <span class='ocrx_word' id='word_1_100' title='bbox 839 1921 902 1966; x_wconf 93' lang='lat' dir='ltr'><strong>suo</strong></span> <span class='ocrx_word' id='word_1_101' title='bbox 925 1902 1046 1966; x_wconf 89' lang='lat' dir='ltr'><strong>robore</strong></span> 
     </span>
     <span class='ocr_line' id='line_1_17' title="bbox 104 1997 1048 2065; baseline 0.005 -5"><span class='ocrx_word' id='word_1_102' title='bbox 104 1997 325 2063; x_wconf 91' lang='lat' dir='ltr'><strong>nihilominus</strong></span> <span class='ocrx_word' id='word_1_103' title='bbox 359 1999 546 2064; x_wconf 87' lang='lat' dir='ltr'><strong>duraturis.</strong></span> <span class='ocrx_word' id='word_1_104' title='bbox 604 2000 703 2064; x_wconf 90' lang='lat' dir='ltr'><strong>Licet</strong></span> <span class='ocrx_word' id='word_1_105' title='bbox 732 2008 848 2065; x_wconf 89' lang='lat' dir='ltr'><strong>autem</strong></span> <span class='ocrx_word' id='word_1_106' title='bbox 881 2002 980 2065; x_wconf 93' lang='lat' dir='ltr'><strong>nobis</strong></span> <span class='ocrx_word' id='word_1_107' title='bbox 1010 2003 1048 2065; x_wconf 93' lang='lat' dir='ltr'><strong>in</strong></span> 
     </span>
     <span class='ocr_line' id='line_1_18' title="bbox 102 2097 1047 2183; baseline 0.004 -22"><span class='ocrx_word' id='word_1_108' title='bbox 102 2097 349 2180; x_wconf 90' lang='lat' dir='ltr'><strong>plenitudinem</strong></span> <span class='ocrx_word' id='word_1_109' title='bbox 374 2099 558 2183; x_wconf 88' lang='lat' dir='ltr'><strong>potestatis</strong></span> <span class='ocrx_word' id='word_1_110' title='bbox 583 2101 770 2183; x_wconf 88' lang='lat' dir='ltr'><strong>assumptis</strong></span> <span class='ocrx_word' id='word_1_111' title='bbox 800 2120 882 2165; x_wconf 89' lang='lat' dir='ltr'><strong>cura</strong></span> <span class='ocrx_word' id='word_1_112' title='bbox 905 2108 1047 2165; x_wconf 93' lang='lat' dir='ltr'><strong>cuncto·</strong></span> 
     </span>
     <span class='ocr_line' id='line_1_19' title="bbox 103 2199 1047 2284; baseline 0.003 -22"><span class='ocrx_word' id='word_1_113' title='bbox 103 2218 180 2262; x_wconf 90' lang='lat' dir='ltr'><strong>rum</strong></span> <span class='ocrx_word' id='word_1_114' title='bbox 208 2199 384 2263; x_wconf 90' lang='lat' dir='ltr'><strong>immineat</strong></span> <span class='ocrx_word' id='word_1_115' title='bbox 410 2199 606 2281; x_wconf 83' lang='lat' dir='ltr'><strong>generalis3</strong></span> <span class='ocrx_word' id='word_1_116' title='bbox 641 2201 723 2284; x_wconf 90' lang='lat' dir='ltr'><strong>quia</strong></span> <span class='ocrx_word' id='word_1_117' title='bbox 745 2207 861 2264; x_wconf 89' lang='lat' dir='ltr'><strong>tamen</strong></span> <span class='ocrx_word' id='word_1_118' title='bbox 886 2220 961 2277; x_wconf 90' lang='lat' dir='ltr'><strong>vos,</strong></span> <span class='ocrx_word' id='word_1_119' title='bbox 987 2203 1047 2284; x_wconf 92' lang='lat' dir='ltr'><strong>qui</strong></span> 
     </span>
     <span class='ocr_line' id='line_1_20' title="bbox 102 2299 1048 2384; baseline 0.004 -23"><span class='ocrx_word' id='word_1_120' title='bbox 102 2299 219 2364; x_wconf 87' lang='lat' dir='ltr'><strong>vocati</strong></span> <span class='ocrx_word' id='word_1_121' title='bbox 240 2299 324 2364; x_wconf 87' lang='lat' dir='ltr'><strong>estis</strong></span> <span class='ocrx_word' id='word_1_122' title='bbox 341 2299 374 2362; x_wconf 94' lang='lat' dir='ltr'><strong>in</strong></span> <span class='ocrx_word' id='word_1_123' title='bbox 393 2307 528 2383; x_wconf 88' lang='lat' dir='ltr'><strong>partem</strong></span> <span class='ocrx_word' id='word_1_124' title='bbox 546 2299 801 2379; x_wconf 87' lang='lat' dir='ltr'><strong>sollicitudinis,</strong></span> <span class='ocrx_word' id='word_1_125' title='bbox 823 2318 928 2384; x_wconf 88' lang='lat' dir='ltr'><strong>super</strong></span> <span class='ocrx_word' id='word_1_126' title='bbox 943 2320 1048 2383; x_wconf 86' lang='lat' dir='ltr'><strong>grege</strong></span> 
     </span>
     <span class='ocr_line' id='line_1_21' title="bbox 104 2400 1048 2483; baseline 0.002 -20"><span class='ocrx_word' id='word_1_127' title='bbox 104 2400 201 2464; x_wconf 87' lang='lat' dir='ltr'><strong>vobis</strong></span> <span class='ocrx_word' id='word_1_128' title='bbox 227 2400 410 2464; x_wconf 89' lang='lat' dir='ltr'><strong>commisso</strong></span> <span class='ocrx_word' id='word_1_129' title='bbox 436 2400 634 2483; x_wconf 89' lang='lat' dir='ltr'><strong>specialiter</strong></span> <span class='ocrx_word' id='word_1_130' title='bbox 661 2400 759 2465; x_wconf 87' lang='lat' dir='ltr'><strong>decet</strong></span> <span class='ocrx_word' id='word_1_131' title='bbox 781 2418 857 2464; x_wconf 86' lang='lat' dir='ltr'><strong>esse</strong></span> <span class='ocrx_word' id='word_1_132' title='bbox 881 2400 1048 2465; x_wconf 85' lang='lat' dir='ltr'><strong>sollicitos</strong></span> 
     </span>
     <span class='ocr_line' id='line_1_22' title="bbox 104 2499 1047 2582; baseline 0.003 -20"><span class='ocrx_word' id='word_1_133' title='bbox 104 2505 139 2562; x_wconf 90' lang='lat' dir='ltr'><strong>et</strong></span> <span class='ocrx_word' id='word_1_134' title='bbox 154 2506 318 2577; x_wconf 67' lang='lat' dir='ltr'><strong>attentos</strong></span> <span class='ocrx_word' id='word_1_135' title='bbox 340 2520 383 2564; x_wconf 92' lang='lat' dir='ltr'><strong>ne</strong></span> <span class='ocrx_word' id='word_1_136' title='bbox 405 2501 480 2563; x_wconf 89' lang='lat' dir='ltr'><strong>ovis</strong></span> <span class='ocrx_word' id='word_1_137' title='bbox 502 2500 659 2564; x_wconf 90' lang='lat' dir='ltr'><strong>morbida</strong></span> <span class='ocrx_word' id='word_1_138' title='bbox 676 2507 815 2582; x_wconf 86' lang='lat' dir='ltr'><strong>pereat3</strong></span> <span class='ocrx_word' id='word_1_139' title='bbox 842 2499 1047 2565; x_wconf 89' lang='lat' dir='ltr'><strong>universita-</strong></span> 
     </span>
     <span class='ocr_line' id='line_1_23' title="bbox 104 2599 1047 2677; baseline 0.001 -14"><span class='ocrx_word' id='word_1_140' title='bbox 104 2605 173 2663; x_wconf 89' lang='lat' dir='ltr'><strong>tem</strong></span> <span class='ocrx_word' id='word_1_141' title='bbox 202 2606 352 2664; x_wconf 89' lang='lat' dir='ltr'><strong>vestram</strong></span> <span class='ocrx_word' id='word_1_142' title='bbox 381 2618 560 2664; x_wconf 87' lang='lat' dir='ltr'><strong>monemus</strong></span> <span class='ocrx_word' id='word_1_143' title='bbox 590 2607 626 2665; x_wconf 93' lang='lat' dir='ltr'><strong>et</strong></span> <span class='ocrx_word' id='word_1_144' title='bbox 647 2599 837 2677; x_wconf 89' lang='lat' dir='ltr'><strong>hortamur,</strong></span> <span class='ocrx_word' id='word_1_145' title='bbox 861 2600 898 2663; x_wconf 91' lang='lat' dir='ltr'><strong>in</strong></span> <span class='ocrx_word' id='word_1_146' title='bbox 920 2600 1047 2664; x_wconf 87' lang='lat' dir='ltr'><strong>virtute</strong></span> 
     </span>
     <span class='ocr_line' id='line_1_24' title="bbox 103 2697 1047 2782; baseline 0 -19"><span class='ocrx_word' id='word_1_147' title='bbox 103 2697 306 2763; x_wconf 84' lang='lat' dir='ltr'><strong>obedientiae</strong></span> <span class='ocrx_word' id='word_1_148' title='bbox 329 2698 484 2763; x_wconf 89' lang='lat' dir='ltr'><strong>districte</strong></span> <span class='ocrx_word' id='word_1_149' title='bbox 509 2699 608 2764; x_wconf 91' lang='lat' dir='ltr'><strong>vobis</strong></span> <span class='ocrx_word' id='word_1_150' title='bbox 631 2699 862 2782; x_wconf 88' lang='lat' dir='ltr'><strong>praecipiendo</strong></span> <span class='ocrx_word' id='word_1_151' title='bbox 883 2699 1047 2763; x_wconf 86' lang='lat' dir='ltr'><strong>mandan-</strong></span> 
     </span>
     <span class='ocr_line' id='line_1_25' title="bbox 104 2798 1048 2881; baseline 0.001 -20"><span class='ocrx_word' id='word_1_152' title='bbox 104 2804 169 2876; x_wconf 90' lang='lat' dir='ltr'><strong>tes,</strong></span> <span class='ocrx_word' id='word_1_153' title='bbox 202 2804 373 2881; x_wconf 89' lang='lat' dir='ltr'><strong>quatenus</strong></span> <span class='ocrx_word' id='word_1_154' title='bbox 406 2799 534 2880; x_wconf 85' lang='lat' dir='ltr'><strong>singuli</strong></span> <span class='ocrx_word' id='word_1_155' title='bbox 557 2805 720 2875; x_wconf 90' lang='lat' dir='ltr'><strong>vestrum,</strong></span> <span class='ocrx_word' id='word_1_156' title='bbox 742 2807 813 2862; x_wconf 89' lang='lat' dir='ltr'><strong>tam</strong></span> <span class='ocrx_word' id='word_1_157' title='bbox 840 2799 877 2862; x_wconf 95' lang='lat' dir='ltr'><strong>in</strong></span> <span class='ocrx_word' id='word_1_158' title='bbox 900 2798 1048 2863; x_wconf 90' lang='lat' dir='ltr'><strong>civitati-</strong></span> 
     </span>
     <span class='ocr_line' id='line_1_26' title="bbox 102 2895 1047 2981; baseline 0.002 -19"><span class='ocrx_word' id='word_1_159' title='bbox 102 2899 167 2962; x_wconf 91' lang='lat' dir='ltr'><strong>bus</strong></span> <span class='ocrx_word' id='word_1_160' title='bbox 183 2916 287 2980; x_wconf 88' lang='lat' dir='ltr'><strong>quam</strong></span> <span class='ocrx_word' id='word_1_161' title='bbox 304 2897 340 2961; x_wconf 90' lang='lat' dir='ltr'><strong>in</strong></span> <span class='ocrx_word' id='word_1_162' title='bbox 356 2895 548 2962; x_wconf 89' lang='lat' dir='ltr'><strong>diocesibus</strong></span> <span class='ocrx_word' id='word_1_163' title='bbox 561 2899 699 2976; x_wconf 89' lang='lat' dir='ltr'><strong>vestris,</strong></span> <span class='ocrx_word' id='word_1_164' title='bbox 715 2918 777 2981; x_wconf 90' lang='lat' dir='ltr'><strong>per</strong></span> <span class='ocrx_word' id='word_1_165' title='bbox 788 2917 852 2962; x_wconf 91' lang='lat' dir='ltr'><strong>vos</strong></span> <span class='ocrx_word' id='word_1_166' title='bbox 866 2898 973 2980; x_wconf 87' lang='lat' dir='ltr'><strong>ipsos,</strong></span> <span class='ocrx_word' id='word_1_167' title='bbox 986 2907 1047 2964; x_wconf 90' lang='lat' dir='ltr'><strong>aut</strong></span> 
     </span>
     <span class='ocr_line' id='line_1_27' title="bbox 102 2997 1047 3081; baseline -0.001 -20"><span class='ocrx_word' id='word_1_168' title='bbox 102 3017 165 3079; x_wconf 88' lang='lat' dir='ltr'><strong>per</strong></span> <span class='ocrx_word' id='word_1_169' title='bbox 185 2998 279 3062; x_wconf 91' lang='lat' dir='ltr'><strong>viros</strong></span> <span class='ocrx_word' id='word_1_170' title='bbox 309 2997 502 3078; x_wconf 88' lang='lat' dir='ltr'><strong>religiosos,</strong></span> <span class='ocrx_word' id='word_1_171' title='bbox 523 2999 583 3080; x_wconf 92' lang='lat' dir='ltr'><strong>qui</strong></span> <span class='ocrx_word' id='word_1_172' title='bbox 608 2999 844 3081; x_wconf 85' lang='lat' dir='ltr'><strong>experimento</strong></span> <span class='ocrx_word' id='word_1_173' title='bbox 872 3015 984 3060; x_wconf 88' lang='lat' dir='ltr'><strong>rerum</strong></span> <span class='ocrx_word' id='word_1_174' title='bbox 1011 2998 1047 3060; x_wconf 92' lang='lat' dir='ltr'><strong>in</strong></span> 
     </span>
     <span class='ocr_line' id='line_1_28' title="bbox 103 3095 1046 3184; baseline -0.001 -22"><span class='ocrx_word' id='word_1_175' title='bbox 103 3096 300 3184; x_wconf 85' lang='lat' dir='ltr'><strong>hujusmodi</strong></span> <span class='ocrx_word' id='word_1_176' title='bbox 320 3095 575 3163; x_wconf 89' lang='lat' dir='ltr'><strong>visitationibus</strong></span> <span class='ocrx_word' id='word_1_177' title='bbox 594 3105 676 3162; x_wconf 93' lang='lat' dir='ltr'><strong>sunt</strong></span> <span class='ocrx_word' id='word_1_178' title='bbox 692 3097 863 3175; x_wconf 89' lang='lat' dir='ltr'><strong>instructi,</strong></span> <span class='ocrx_word' id='word_1_179' title='bbox 879 3096 957 3160; x_wconf 91' lang='lat' dir='ltr'><strong>loca</strong></span> <span class='ocrx_word' id='word_1_180' title='bbox 974 3110 1046 3162; x_wconf 90' lang='lat' dir='ltr'><strong>mo-</strong></span> 
     </span>
     <span class='ocr_line' id='line_1_29' title="bbox 104 3198 1046 3279; baseline 0 -18"><span class='ocrx_word' id='word_1_181' title='bbox 104 3199 302 3276; x_wconf 90' lang='lat' dir='ltr'><strong>nachorum,</strong></span> <span class='ocrx_word' id='word_1_182' title='bbox 327 3198 527 3262; x_wconf 90' lang='lat' dir='ltr'><strong>monialium</strong></span> <span class='ocrx_word' id='word_1_183' title='bbox 554 3205 589 3262; x_wconf 90' lang='lat' dir='ltr'><strong>et</strong></span> <span class='ocrx_word' id='word_1_184' title='bbox 611 3198 851 3262; x_wconf 91' lang='lat' dir='ltr'><strong>canonicorum</strong></span> <span class='ocrx_word' id='word_1_185' title='bbox 878 3198 1046 3279; x_wconf 88' lang='lat' dir='ltr'><strong>regulari-</strong></span> 
     </span>
     <span class='ocr_line' id='line_1_30' title="bbox 102 3297 1046 3375; baseline -0.001 -14"><span class='ocrx_word' id='word_1_186' title='bbox 102 3317 172 3375; x_wconf 89' lang='lat' dir='ltr'><strong>um,</strong></span> <span class='ocrx_word' id='word_1_187' title='bbox 196 3317 329 3363; x_wconf 92' lang='lat' dir='ltr'><strong>necnon</strong></span> <span class='ocrx_word' id='word_1_188' title='bbox 358 3297 564 3362; x_wconf 87' lang='lat' dir='ltr'><strong>secularium</strong></span> <span class='ocrx_word' id='word_1_189' title='bbox 594 3297 808 3374; x_wconf 87' lang='lat' dir='ltr'><strong>clericorum‚</strong></span> <span class='ocrx_word' id='word_1_190' title='bbox 835 3297 933 3361; x_wconf 90' lang='lat' dir='ltr'><strong>vobis</strong></span> <span class='ocrx_word' id='word_1_191' title='bbox 964 3298 1046 3361; x_wconf 90' lang='lat' dir='ltr'><strong>sub-</strong></span> 
     </span>
     <span class='ocr_line' id='line_1_31' title="bbox 99 3397 1046 3482; baseline -0.001 -20"><span class='ocrx_word' id='word_1_192' title='bbox 99 3397 195 3482; x_wconf 90' lang='lat' dir='ltr'><strong>jecta</strong></span> <span class='ocrx_word' id='word_1_193' title='bbox 225 3397 368 3463; x_wconf 89' lang='lat' dir='ltr'><strong>visitare</strong></span> <span class='ocrx_word' id='word_1_194' title='bbox 402 3397 542 3476; x_wconf 90' lang='lat' dir='ltr'><strong>curetis,</strong></span> <span class='ocrx_word' id='word_1_195' title='bbox 573 3405 644 3462; x_wconf 89' lang='lat' dir='ltr'><strong>tam</strong></span> <span class='ocrx_word' id='word_1_196' title='bbox 686 3397 892 3462; x_wconf 90' lang='lat' dir='ltr'><strong>auctoritate</strong></span> <span class='ocrx_word' id='word_1_197' title='bbox 926 3404 1046 3461; x_wconf 90' lang='lat' dir='ltr'><strong>nostra</strong></span> 
     </span>
     <span class='ocr_line' id='line_1_32' title="bbox 103 3496 1045 3581; baseline -0.002 -18"><span class='ocrx_word' id='word_1_198' title='bbox 103 3518 207 3581; x_wconf 86' lang='lat' dir='ltr'><strong>quam</strong></span> <span class='ocrx_word' id='word_1_199' title='bbox 234 3505 352 3565; x_wconf 86' lang='lat' dir='ltr'><strong>vestra</strong></span> <span class='ocrx_word' id='word_1_200' title='bbox 382 3498 589 3581; x_wconf 85' lang='lat' dir='ltr'><strong>generaliter</strong></span> <span class='ocrx_word' id='word_1_201' title='bbox 627 3498 788 3564; x_wconf 90' lang='lat' dir='ltr'><strong>universa</strong></span> <span class='ocrx_word' id='word_1_202' title='bbox 819 3496 1045 3561; x_wconf 88' lang='lat' dir='ltr'><strong>reformantes</strong></span> 
     </span>
     <span class='ocr_line' id='line_1_33' title="bbox 102 3595 1046 3681; baseline -0.003 -19"><span class='ocrx_word' id='word_1_203' title='bbox 102 3606 138 3663; x_wconf 91' lang='lat' dir='ltr'><strong>et</strong></span> <span class='ocrx_word' id='word_1_204' title='bbox 154 3598 365 3681; x_wconf 89' lang='lat' dir='ltr'><strong>corrigentes</strong></span> <span class='ocrx_word' id='word_1_205' title='bbox 387 3599 423 3662; x_wconf 92' lang='lat' dir='ltr'><strong>in</strong></span> <span class='ocrx_word' id='word_1_206' title='bbox 443 3599 557 3681; x_wconf 90' lang='lat' dir='ltr'><strong>capite</strong></span> <span class='ocrx_word' id='word_1_207' title='bbox 574 3604 609 3662; x_wconf 91' lang='lat' dir='ltr'><strong>et</strong></span> <span class='ocrx_word' id='word_1_208' title='bbox 624 3597 798 3673; x_wconf 90' lang='lat' dir='ltr'><strong>membris,</strong></span> <span class='ocrx_word' id='word_1_209' title='bbox 816 3595 910 3659; x_wconf 93' lang='lat' dir='ltr'><strong>omni</strong></span> <span class='ocrx_word' id='word_1_210' title='bbox 931 3597 1046 3677; x_wconf 86' lang='lat' dir='ltr'><strong>gratia</strong></span> 
     </span>
     <span class='ocr_line' id='line_1_34' title="bbox 102 3695 1046 3782; baseline -0.002 -20"><span class='ocrx_word' id='word_1_211' title='bbox 102 3705 138 3763; x_wconf 87' lang='lat' dir='ltr'><strong>et</strong></span> <span class='ocrx_word' id='word_1_212' title='bbox 153 3699 276 3763; x_wconf 90' lang='lat' dir='ltr'><strong>timore</strong></span> <span class='ocrx_word' id='word_1_213' title='bbox 296 3699 513 3782; x_wconf 65' lang='lat' dir='ltr'><strong>postpositis</strong></span> <span class='ocrx_word' id='word_1_214' title='bbox 533 3699 570 3762; x_wconf 93' lang='lat' dir='ltr'><strong>in</strong></span> <span class='ocrx_word' id='word_1_215' title='bbox 590 3697 716 3763; x_wconf 91' lang='lat' dir='ltr'><strong>eisdem</strong></span> <span class='ocrx_word' id='word_1_216' title='bbox 732 3716 810 3779; x_wconf 91' lang='lat' dir='ltr'><strong>quae</strong></span> <span class='ocrx_word' id='word_1_217' title='bbox 827 3695 1046 3760; x_wconf 81' lang='lat' dir='ltr'><strong>reformanda</strong></span> 
     </span>
     <span class='ocr_line' id='line_1_35' title="bbox 102 3792 1046 3882; baseline -0.004 -20"><span class='ocrx_word' id='word_1_218' title='bbox 102 3792 271 3864; x_wconf 85' lang='lat' dir='ltr'><strong>noveritis</strong></span> <span class='ocrx_word' id='word_1_219' title='bbox 298 3806 333 3863; x_wconf 89' lang='lat' dir='ltr'><strong>et</strong></span> <span class='ocrx_word' id='word_1_220' title='bbox 359 3799 464 3863; x_wconf 89' lang='lat' dir='ltr'><strong>etiam</strong></span> <span class='ocrx_word' id='word_1_221' title='bbox 496 3797 708 3882; x_wconf 86' lang='lat' dir='ltr'><strong>corrigenda,</strong></span> <span class='ocrx_word' id='word_1_222' title='bbox 737 3797 844 3861; x_wconf 84' lang='lat' dir='ltr'><strong>salvis</strong></span> <span class='ocrx_word' id='word_1_223' title='bbox 876 3797 943 3874; x_wconf 91' lang='lat' dir='ltr'><strong>his,</strong></span> <span class='ocrx_word' id='word_1_224' title='bbox 968 3815 1046 3878; x_wconf 88' lang='lat' dir='ltr'><strong>quae</strong></span> 
     </span>
     <span class='ocr_line' id='line_1_36' title="bbox 101 3896 1047 3983; baseline -0.003 -21"><span class='ocrx_word' id='word_1_225' title='bbox 101 3899 193 3965; x_wconf 89' lang='lat' dir='ltr'><strong>circa</strong></span> <span class='ocrx_word' id='word_1_226' title='bbox 218 3899 400 3981; x_wconf 88' lang='lat' dir='ltr'><strong>religiosos</strong></span> <span class='ocrx_word' id='word_1_227' title='bbox 425 3899 462 3963; x_wconf 92' lang='lat' dir='ltr'><strong>in</strong></span> <span class='ocrx_word' id='word_1_228' title='bbox 492 3897 694 3983; x_wconf 88' lang='lat' dir='ltr'><strong>provinciali</strong></span> <span class='ocrx_word' id='word_1_229' title='bbox 726 3897 878 3981; x_wconf 89' lang='lat' dir='ltr'><strong>capitulo</strong></span> <span class='ocrx_word' id='word_1_230' title='bbox 905 3896 1047 3980; x_wconf 90' lang='lat' dir='ltr'><strong>provide</strong></span> 
     </span>
     <span class='ocr_line' id='line_1_37' title="bbox 100 3995 1047 4082; baseline -0.003 -19"><span class='ocrx_word' id='word_1_231' title='bbox 100 4008 183 4064; x_wconf 89' lang='lat' dir='ltr'><strong>sunt</strong></span> <span class='ocrx_word' id='word_1_232' title='bbox 199 4006 333 4064; x_wconf 85' lang='lat' dir='ltr'><strong>statuta</strong></span> <span class='ocrx_word' id='word_1_233' title='bbox 347 3996 454 4082; x_wconf 84' lang='lat' dir='ltr'><strong>juxta</strong></span> <span class='ocrx_word' id='word_1_234' title='bbox 477 3998 758 4064; x_wconf 89' lang='lat' dir='ltr'><strong>constitutionem</strong></span> <span class='ocrx_word' id='word_1_235' title='bbox 780 3995 917 4062; x_wconf 85' lang='lat' dir='ltr'><strong>concilii</strong></span> <span class='ocrx_word' id='word_1_236' title='bbox 943 4016 1047 4078; x_wconf 90' lang='lat' dir='ltr'><strong>gene·</strong></span> 
     </span>
     <span class='ocr_line' id='line_1_38' title="bbox 100 4097 1047 4181; baseline -0.003 -17"><span class='ocrx_word' id='word_1_237' title='bbox 100 4099 196 4178; x_wconf 91' lang='lat' dir='ltr'><strong>ralis,</strong></span> <span class='ocrx_word' id='word_1_238' title='bbox 212 4099 483 4164; x_wconf 86' lang='lat' dir='ltr'><strong>contradictores</strong></span> <span class='ocrx_word' id='word_1_239' title='bbox 494 4118 556 4181; x_wconf 91' lang='lat' dir='ltr'><strong>per</strong></span> <span class='ocrx_word' id='word_1_240' title='bbox 570 4117 749 4162; x_wconf 87' lang='lat' dir='ltr'><strong>censuram</strong></span> <span class='ocrx_word' id='word_1_241' title='bbox 766 4097 1047 4172; x_wconf 83' lang='lat' dir='ltr'><strong>ecclesiasticam,</strong></span> 
     </span>
     <span class='ocr_line' id='line_1_39' title="bbox 100 4198 1047 4284; baseline -0.003 -20"><span class='ocrx_word' id='word_1_242' title='bbox 100 4199 332 4284; x_wconf 84' lang='lat' dir='ltr'><strong>appellatione</strong></span> <span class='ocrx_word' id='word_1_243' title='bbox 356 4199 563 4283; x_wconf 88' lang='lat' dir='ltr'><strong>postposita,</strong></span> <span class='ocrx_word' id='word_1_244' title='bbox 585 4198 858 4281; x_wconf 84' lang='lat' dir='ltr'><strong>compescend03</strong></span> <span class='ocrx_word' id='word_1_245' title='bbox 894 4216 1047 4280; x_wconf 89' lang='lat' dir='ltr'><strong>praecep-</strong></span> 
     </span>
     <span class='ocr_line' id='line_1_40' title="bbox 904 4318 943 4362; baseline 0 0"><span class='ocrx_word' id='word_1_246' title='bbox 904 4318 943 4362; x_wconf 77' lang='lat' dir='ltr'><strong>s2</strong></span> 
     </span>
    </p>
   </div>
   <div class='ocr_carea' id='block_1_5' title="bbox 0 0 1436 4866">
    <p class='ocr_par' dir='ltr' id='par_1_5' title="bbox 0 0 1436 4866">
     <span class='ocr_line' id='line_1_41' title="bbox 0 0 1436 4866; baseline 0 1"><span class='ocrx_word' id='word_1_247' title='bbox 0 0 1436 4866; x_wconf 95' lang='lat' dir='ltr'><strong> </strong></span> 
     </span>
    </p>
   </div>
  </div>
 </body>
</html>
