2864 4866
189 585 246 625 Ab.
258 587 313 625 1232.

188 1791 268 1841 Blslrop
277 1791 301 1830 ot

188 1840 321 1882 Rocbester's

187 1892 257 1932 vision

188 1943 315 1992 concerniug

189 1993 283 2033 Richard
292 1994 310 2033 1.

183 4098 268 4147 legend
277 4106 326 4136 con·

182 4149 269 4197 oernlng
277 4149 315 4186 tho

183 4210 242 4240 rame
250 4199 309 4248 king.

350 395 415 461 234
605 411 740 459 aucum
764 412 812 458 uu
836 411 1044 460 wuunovaa

352 588 531 653 quousque
548 569 592 633 ad
613 568 702 632 diem
720 575 852 633 certum
875 575 1017 651 possent
1033 589 1151 632 omnes
1173 572 1305 652 pariter

351 671 543 735 convenire.
591 669 764 733 Praefixus
792 675 845 733 est
869 669 988 751 itaque
1015 669 1087 733 dies
1109 689 1131 733 a
1160 672 1304 752 quinde-

351 771 417 835 cim
435 771 556 834 diebus
574 776 655 852 post
670 769 819 847 Pascha,
833 777 881 844 ut,
897 770 1054 833 omnibus
1070 773 1303 853 congregatis,
1397 853 1399 856 Α

351 879 434 935 tuuc
450 870 558 948 fieret,
576 869 668 953 quod
687 878 761 934 erat
778 869 912 954 dejure
928 869 1132 934 faciendum.
1171 871 1303 936 Eodem

352 978 506 1053 tempore
534 977 724 1036 conventus
754 969 1015 1035 cantuariensis
1037 965 1216 1053 elegerunt
1238 972 1262 1037 J
1265 993 1304 1038 o·

352 1071 513 1149 hannem,
529 1072 676 1154 priorem
691 1072 851 1147 suumin
870 1072 1165 1154 archiepiscopum
1176 1081 1210 1137 et
1221 1093 1301 1156 pas-

352 1177 461 1236 torem
491 1172 683 1235 animarum
708 1191 862 1249 suarum,
891 1172 961 1253 qui,
996 1191 1073 1235 cum
1106 1181 1199 1237 esset
1226 1175 1302 1256 regi

350 1279 581 1355 praesentatus
613 1280 649 1337 et
680 1274 725 1336 ab
757 1293 798 1336 eo
833 1280 1004 1354 receptuS,
1041 1273 1216 1356 profectus
1247 1282 1302 1338 est

352 1372 513 1450 Romam,
534 1380 574 1437 ut
590 1373 791 1438 electionem
818 1373 885 1437 rite
910 1373 1038 1437 factam
1062 1374 1264 1457 impetraret
1280 1395 1303 1439 a

350 1472 431 1538 sede
445 1474 637 1557 apostolica
654 1473 860 1538 confirmari.

479 1647 564 1712 Visio
580 1647 617 1712 do
630 1668 697 1734 rope
712 1647 874 1712 Richardo
891 1647 982 1712 caldo
999 1645 1178 1712 laudabilis.

401 1772 472 1837 Sub
504 1773 632 1837 eisdem
660 1773 780 1837 (liebus
813 1772 999 1849 HenricuS,
1029 1771 1204 1837 Roffensis
1228 1775 1302 1857 epi-

350 1892 488 1956 scopuS,
517 1893 595 1936 oum
614 1874 651 1937 in
668 1876 826 1952 sabbato,
847 1893 917 1957 quo
932 1879 1091 1936 cantatur
1113 1872 1301 1938 ‘Sitientes

350 1976 465 2038 venite
499 1973 542 2038 ad
578 1975 710 2056 aquas,'
742 1974 834 2056 apud
863 1972 1176 2054 Sidingeburniam,
1210 1994 1301 2056 prae-

351 2081 448 2138 sente
464 2075 575 2139 electo
594 2073 847 2150 Cantuariensi,
868 2074 1004 2137 ordines
1020 2073 1230 2138 celebrasset
1245 2095 1302 2141 so-

350 2175 481 2252 lennes,
499 2174 661 2238 adstante
679 2175 771 2238 clero
792 2180 827 2238 et
842 2174 983 2256 populo,
999 2172 1204 2238 fiducialiter
1219 2195 1300 2258 pro-

350 2281 499 2340 testatus
521 2282 576 2339 est
597 2274 727 2352 dicenS,
745 2273 928 2339 ‘Gaudete
951 2293 1070 2337 omnes
1092 2272 1128 2336 in
1148 2275 1300 2341 Domino

350 2375 487 2453 fratres,
506 2377 566 2459 qui
588 2375 643 2439 hic
665 2382 854 2457 praesentes
873 2375 969 2451 estis,
992 2374 1141 2438 scientes
1165 2374 1302 2440 indubi-

350 2483 477 2553 tanter,
504 2476 595 2559 quod
622 2495 731 2558 nuper
753 2495 823 2540 uno
849 2481 884 2538 et
908 2475 1028 2538 eodem
1058 2474 1113 2538 die
1140 2476 1302 2541 exierunt

350 2577 393 2639 de
409 2576 612 2659 purgatorio
628 2596 690 2640 rex
708 2576 881 2659 quondam
894 2574 1087 2657 Anglorum
1104 2574 1301 2641 Richardus

350 2683 385 2740 et
401 2676 610 2758 Stephanus
626 2675 888 2741 Cantuariensis
911 2676 1201 2758 archiepiscopus
1221 2697 1300 2742 eum

349 2797 419 2840 uno
450 2777 631 2860 capellano
663 2776 817 2860 ejusdem
851 2776 1112 2858 archiepiscopi,
1147 2776 1191 2840 ad
1219 2798 1300 2842 oon·

349 2884 505 2961 spectum
536 2877 664 2942 divinae
687 2876 893 2960 majestatis,
920 2885 955 2942 et
981 2896 1023 2940 eo
1051 2877 1106 2939 die
1134 2896 1203 2942 non
1232 2879 1299 2944 nisi

349 2986 419 3043 tres
445 2978 496 3042 illi
520 2979 563 3043 de
584 2978 668 3042 locis
697 2978 892 3061 poenalibus
915 2977 1098 3054 exierunt3
1129 2985 1165 3042 et
1184 2987 1224 3043 ut
1243 2979 1298 3044 his

348 3079 449 3144 dictis
472 3080 558 3144 meis
580 3079 682 3143 fidem
705 3078 897 3142 adhibeatis
917 3077 1152 3160 plenissimam
1173 3086 1209 3143 et
1223 3100 1299 3144 cer·

348 3185 431 3257 tam,
461 3180 543 3262 quia
565 3179 621 3244 vel
644 3179 727 3242 milri
752 3178 809 3244 vel
831 3178 891 3242 alii
914 3179 1018 3242 tertia
1038 3177 1113 3261 jam
1136 3179 1211 3243 vice
1233 3180 1299 3245 hoe

346 3300 408 3361 per
429 3280 592 3344 visionem
621 3279 810 3344 revelatum
840 3286 894 3342 est
916 3279 967 3342 ita
989 3278 1181 3357 manifeste,
1204 3281 1298 3363 quod

346 3382 390 3443 ab
408 3381 522 3444 auimo
542 3400 619 3444 meo
636 3381 747 3443 omnis
770 3378 995 3443 dubitationis
1017 3379 1225 3461 ambiguitas
1245 3401 1299 3445 re·

346 3480 527 3545 movetur.'
565 3480 624 3557 Et,
647 3481 810 3564 quoniam
833 3478 889 3542 hic
912 3479 1042 3543 mentio
1064 3478 1157 3543 facta
1180 3488 1234 3545 est
1255 3481 1299 3546 de

346 3581 530 3662 magnifico
556 3601 638 3662 rege
661 3579 849 3656 aichardo,
872 3599 979 3643 unum
999 3578 1042 3643 de
1062 3580 1196 3643 actibus
1221 3581 1297 3664 ejus

346 3680 390 3743 ad
408 3680 669 3745 aedificationem
685 3680 897 3745 audientium
912 3679 1039 3743 referre
1055 3681 1196 3745 curabo.

347 3856 500 3930 Quomodo
533 3877 586 3921 roc
618 3855 800 3921 Biclardos
831 3856 913 3920 uidit
949 3854 1102 3937 Oroet'fiat'
1132 3855 1299 3941 imopioom

410 3967 516 4021 contro
530 3955 660 4022 militem
675 3978 743 4022 oum
758 3957 941 4021 odorantem
957 3965 1052 4041 caput
1065 3953 1230 4020 inclinare.

395 4081 579 4162 Regnante
602 4082 695 4146 dicto
715 4102 797 4165 rege
822 4081 1011 4158 Richardo,
1036 4081 1134 4145 miles
1155 4081 1295 4164 quidam

344 4181 386 4246 de
413 4202 520 4265 reguo
544 4183 684 4265 Angliae
707 4183 743 4247 in
767 4181 872 4250 Nova
902 4183 1031 4265 degens
1056 4182 1215 4260 Foresta,
1235 4185 1295 4266 qui
