2864 4866
400 414 537 463 rnonns
560 413 829 462 nrsronrnnun.
1024 399 1090 463 213
1192 432 1195 436 =

142 576 178 633 et
192 569 346 652 pomeria
368 570 596 648 succidentes
619 579 719 637 extra
740 572 902 636 ecclesias
929 573 1014 637 nihil
1036 575 1088 637 in·
1101 585 1221 625 A·1>·1²³⁰·

141 676 272 734 tactum
286 670 510 752 reliquerunt.
543 670 708 753 Agebant
720 679 835 736 autem
848 680 968 736 contra
983 675 1087 738 comi·

141 776 212 832 tern
241 777 421 851 magnates
451 771 551 852 quasi
582 771 624 835 de
653 772 793 835 crimine
821 771 1024 853 proditionis
1053 782 1087 839 et

141 887 237 931 reum
265 869 360 933 laesae
391 871 596 953 majestatis,
625 879 664 934 nt
691 871 751 952 qui
780 871 954 934 dominum
986 893 1087 937 suum

141 988 258 1051 regem
289 968 512 1034 Lodowicum
545 970 581 1034 in
618 970 796 1034 obsidione
828 969 1011 1035 Avinionis
1043 976 1086 1038 ob

142 1087 292 1132 amorem
317 1071 458 1151 reginae,
486 1089 589 1152 quam
613 1070 764 1146 amabat,
789 1090 922 1135 veneno
942 1091 1087 1136 necave-

143 1175 211 1246 rat,
232 1177 272 1234 ut
288 1169 469 1248 dicebant;
493 1170 596 1246 unde,
618 1189 696 1232 cum
719 1169 820 1232 iidem
845 1179 1026 1253 magnates
1051 1174 1087 1236 in

143 1269 238 1332 curia
269 1270 361 1350 regis
393 1270 618 1346 Francorum,
648 1269 766 1333 eodem
796 1290 876 1351 rege
904 1279 1087 1353 praesente,

143 1369 390 1450 querimoniam
427 1388 520 1451 saepe
547 1369 788 1451 deposuissent
821 1377 856 1432 et
884 1370 995 1452 ipsum
1029 1392 1087 1436 co·

143 1468 259 1533 mitem
276 1488 337 1550 per
353 1468 504 1533 duellum
523 1469 726 1533 convincere
740 1469 942 1547 voluissent,
956 1472 1088 1551 regina,

144 1587 206 1649 per
233 1587 337 1650 quam
371 1569 487 1632 omnia
520 1569 618 1650 regni
650 1569 791 1650 negotia
818 1569 1089 1653 disponebantur

141 1673 282 1750 propter
300 1668 393 1748 regis
418 1667 674 1750 simplicitatem
695 1675 730 1731 et
747 1669 913 1750 puerilem
936 1678 1086 1749 aetatem,

144 1767 257 1845 noluit
271 1787 330 1832 eos
350 1768 480 1832 audire.
527 1767 699 1845 Quocirca
712 1769 789 1850 ipsi,
807 1787 844 1831 se
861 1789 883 1832 a
897 1771 989 1852 regis
1004 1770 1088 1835 fide-

144 1866 242 1930 litate
271 1867 512 1931 subtrahentes
544 1874 579 1931 ot
601 1869 743 1949 reginae,
770 1868 981 1933 Francorum
1009 1891 1088 1952 reg-

143 1986 224 2029 num
250 1987 312 2049 per
341 1986 501 2050 guerram
527 1968 666 2031 turbare
695 1974 898 2049 coeperunt3
928 1969 1087 2050 indigna-

142 2067 269 2130 bantur
292 2067 381 2130 enim
399 2068 503 2131 talem
525 2067 652 2130 babere
669 2066 853 2143 dominam,
870 2087 960 2149 quae,
980 2077 1020 2132 ut
1037 2070 1088 2132 di-

142 2167 296 2243 cebatnr,
316 2174 389 2231 tam
410 2167 494 2231 dicti
516 2167 651 2231 comitis
674 2186 779 2249 quam
804 2166 911 2249 legati
939 2168 1088 2233 Romani

141 2267 271 2330 semine
300 2267 434 2348 polluta
466 2272 575 2330 metas
604 2274 823 2348 transgressa
851 2265 964 2331 suerat
989 2268 1089 2349 pudi-

141 2366 232 2430 ritiae
248 2365 407 2430 vidualis.

141 2542 191 2606 Do
210 2549 311 2627 strupo
329 2540 597 2622 Hiberoieme'nm,
612 2554 640 2608 et
654 2545 792 2630 ruptione
813 2544 977 2628 eujusdam
998 2547 1087 2631 repis.

193 2667 324 2732 Eodem
340 2688 443 2746 anno,
461 2687 578 2733 mense
593 2667 616 2732 J
618 2669 703 2745 ulio,
720 2661 876 2750 ¹regulus
889 2669 1029 2751 quidam
1045 2670 1087 2734 de
1099 2687 1250 2727 nominee·

143 2765 317 2846 Connoth,
335 2767 589 2845 Hiberniensis,
607 2787 684 2832 curn
704 2788 819 2850 regern
836 2767 1028 2850 Anglorum
1051 2777 1087 2834 et
1099 2737 1222 2777 mmm

140 2867 354 2933 Willelmum
380 2869 625 2933 Marescallum
655 2867 875 2950 cognovisset
901 2869 936 2931 in
962 2868 1087 2932 finibus

142 2969 380 3032 transmarinis
407 2968 549 3032 bellicas
578 2987 680 3049 agere
708 2967 958 3050 expeditiones,
982 2975 1087 3050 atque

140 3088 285 3150 regnum
308 3067 487 3132 Hibemiae
513 3069 612 3150 quasi
636 3086 781 3132 vacnum
805 3087 827 3129 a
849 3067 1001 3131 subsidio
1023 3069 1086 3131 mi-

139 3167 245 3244 litari,
267 3169 492 3251 congregavit
506 3167 658 3250 undique
682 3166 872 3231 exercitum
896 3167 1086 3249 copiosum,

140 3285 283 3350 sperans
304 3287 342 3331 se
364 3287 466 3350 posse
491 3286 592 3331 omne
614 3286 724 3348 genus
741 3264 937 3348 Anglorum
957 3269 1001 3331 ab
1020 3267 1088 3330 Hi-

140 3367 268 3431 berniae
292 3367 416 3431 finibus
438 3368 649 3446 exturbare3
680 3367 857 3447 ingressus
879 3366 987 3449 igitur
1008 3367 1088 3431 hos-

140 3467 248 3531 tiliter
265 3475 393 3532 terram
414 3467 507 3549 regis
530 3466 737 3548 Anglorum,
761 3465 881 3548 spoliis
903 3472 938 3529 et
956 3466 1086 3549 rapinis

141 3573 245 3649 atque
262 3566 430 3631 incendiis
448 3566 660 3652 intendebat.
697 3566 764 3629 Sed
786 3585 861 3628 cum
883 3565 1088 3630 haecomnia

141 3666 186 3729 ad
212 3685 313 3730 aures
339 3665 499 3731 Ganfridi
525 3665 567 3730 de
597 3665 764 3743 Marisco,
787 3665 847 3747 qui
872 3666 964 3729 vices
983 3665 1088 3748 justi-

138 3766 235 3829 ciarii
258 3766 322 3830 sub
346 3786 428 3848 rege
452 3765 665 3849 inpartibus
688 3764 758 3828 illis
782 3765 936 3848 gerebat,
956 3765 1087 3847 [venis-

138 3865 245 3947 sent,]
270 3866 442 3950 adjunctis
465 3866 530 3929 sibi
547 3865 706 3930 Waltero
732 3865 775 3928 de
802 3865 904 3928 Lasci
925 3884 1002 3928 cum
1025 3864 1089 3927 Ri-

150 4104 151 4108 =
175 4071 182 4102 ¹
193 4075 304 4136 Regrdus
320 4067 447 4140 quidam]
474 4073 598 4136 Compare
624 4073 716 4135 script.
725 4073 766 4123 ed.
777 4069 902 4134 O‘Conor,
912 4075 971 4120 torn.
982 4071 1011 4121 ii.
1022 4076 1088 4133 part.

136 4146 179 4195 the
207 4147 315 4194 account
344 4157 373 4192 as
402 4144 475 4205 given
504 4144 530 4190 iu
555 4144 597 4192 the
623 4143 657 4192 iv.
670 4158 696 4203 p.
710 4147 749 4192 39.

137 4214 231 4265 Amal.
254 4213 383 4263 Buellian.
407 4213 467 4264 Rer.
490 4213 598 4262 Hibern.
