2864 4866
189 587 245 628 ab.
256 585 313 629 1227.

352 396 416 460 152
604 411 738 458 uocum
762 411 809 458 ne
833 408 1040 458 wnuoovrn

351 568 501 633 famulus
524 569 591 633 Dei
616 571 821 634 Franciscus
851 570 1039 634 oratorium
1061 568 1097 630 in
1120 567 1203 629 urbe
1227 565 1302 628 Ro·

351 687 465 744 mana,
496 670 532 732 in
566 690 634 752 quo
669 670 957 752 contemplativos
989 674 1133 731 meteret
1155 666 1302 741 fructae,

352 777 553 833 construens
585 770 765 853 spirituale
803 777 977 833 certamen
1008 776 1129 832 contra
1159 765 1302 848 spiritus

351 869 522 951 malignos
546 876 581 933 et
601 870 754 936 carnalia
776 869 863 934 vitia
893 869 1053 951 egregius
1076 867 1223 932 bellator
1246 883 1303 928 as·

351 970 509 1052 sumpsit.

419 1142 469 1206 Da
477 1143 702 1227 praedieatione
707 1145 832 1229 fratris
846 1142 1008 1207 manorati
1023 1152 1052 1208 al
1058 1144 1125 1226 fiae
1140 1137 1230 1204 oaldi

730 1242 927 1308 admirabili.

191 1389 342 1440 rraacnngu
406 1367 612 1432 Franciscus
635 1369 741 1452 igitur
763 1389 825 1451 per
848 1369 988 1433 Italiam
1006 1375 1128 1443 totam,
1151 1372 1186 1429 et
1201 1369 1304 1427 caete-

189 1443 210 1482 s.
221 1441 314 1482 Francis.

353 1487 410 1531 ras
434 1469 602 1545 nationes,
627 1476 662 1533 et
687 1470 860 1551 praecipue
888 1469 924 1533 iu
954 1470 1037 1533 urbe
1066 1468 1192 1542 Roma,
1222 1483 1302 1526 cum

353 1566 500 1632 officium
523 1569 778 1651 praedicationis
795 1569 941 1633 devotus
962 1569 1132 1651 impleret,
1154 1563 1304 1648 populus

355 1668 547 1746 Romanus,
571 1669 678 1733 totius
700 1670 866 1734 bonitatis
891 1669 1063 1745 inimicus,
1086 1665 1304 1751 praedicatio-

354 1788 433 1832 nem
456 1770 521 1833 viri
550 1769 617 1833 Dei
652 1769 738 1835 adeo
771 1770 942 1852 despexit,
970 1769 1062 1851 quod
1094 1786 1157 1830 nec
1188 1766 1303 1847 ipsum

353 1869 485 1946 audire,
508 1889 571 1934 nec
594 1870 724 1933 sanctis
747 1870 822 1953 ejus
844 1869 1029 1933 voluerunt
1052 1865 1304 1931 exhortationi-

354 1969 418 2033 bus
445 1969 623 2033 interesse.
668 1969 837 2035 Tandem.
848 1989 926 2033 cum
954 1988 1016 2052 per
1038 1970 1111 2032 dies
1138 1965 1304 2049 plurimos

353 2069 632 2151 praedicationem
665 2069 741 2154 ejus
767 2070 939 2152 despexit,
964 2069 1171 2133 Franciscus
1201 2064 1304 2128 indu-

354 2170 522 2234 rationem
558 2189 676 2234 eorum
716 2169 870 2251 graviter
902 2168 1107 2252 increpavit,
1138 2164 1305 2242 ‘Doleo,’

353 2268 478 2350 inquit,
494 2270 663 2333 ‘multum
682 2289 787 2352 super
808 2270 947 2333 miseria
968 2276 1098 2347 vestra,
1121 2265 1212 2349 quod
1235 2285 1305 2329 nou

354 2368 466 2432 solum
496 2387 551 2432 me
576 2368 705 2432 Christi
734 2369 900 2433 famulum
926 2368 1101 2452 spernitiS,
1128 2385 1245 2432 verum
1270 2371 1307 2430 et

354 2467 452 2530 illum
481 2469 516 2531 iu
542 2488 597 2532 me
625 2469 813 2550 despicitis,
845 2471 1007 2552 quoniam
1035 2468 1305 2549 Redemptorem

355 2568 472 2630 mundi
496 2569 733 2648 evangelizavi
757 2569 880 2650 vobis3
905 2576 939 2633 et
962 2589 1054 2633 nuuc
1077 2567 1240 2633 recedens
1260 2568 1305 2631 ab

355 2668 439 2730 urbe
456 2669 692 2732 testimonium
714 2668 808 2733 illius
827 2670 951 2736 invoco
972 2689 1076 2752 super
1091 2666 1306 2732 desolatione

355 2775 484 2845 vestra,
511 2768 572 2850 qui
599 2776 653 2833 est
681 2769 781 2833 testis
808 2769 843 2832 in
870 2770 956 2834 caelo
981 2769 1103 2847 fidelis
1136 2774 1241 2850 atque
1268 2768 1305 2831 in

355 2866 589 2931 confusionem
606 2875 757 2932 vestram
771 2869 861 2933 vado
876 2869 1115 2950 evangelizare
1129 2867 1306 2932 Christum

355 2967 467 3031 brutis
494 2968 700 3032 animalibus
728 2976 764 3032 et
790 2969 989 3034 volatilibus
1024 2970 1111 3047 caeli,
1138 2975 1177 3032 ut
1206 2968 1305 3031 audi·

356 3074 453 3131 entes
476 3067 656 3132 salutifera
679 3069 746 3132 Dei
769 3070 875 3135 verba
900 3070 1062 3134 obediant
1087 3077 1123 3134 et
1145 3069 1305 3151 adquies-

356 3167 459 3232 cant?
514 3169 639 3251 Sicque
654 3170 697 3232 ab
715 3169 797 3232 urbe
811 3170 932 3233 exieus
949 3170 1082 3235 invenit
1095 3170 1255 3233 sedentes
1268 3169 1305 3233 in

357 3268 520 3331 suburbio
545 3269 582 3332 in
610 3269 812 3333 morticiniis
836 3289 970 3347 corvos,
993 3270 1117 3334 milvos
1139 3277 1174 3334 et
1195 3270 1306 3351 picas,

357 3367 512 3450 aliasque
533 3386 616 3432 aves
638 3369 766 3432 multas
787 3369 823 3432 iu
846 3389 925 3433 aere
947 3371 1145 3447 volitantes
1165 3376 1201 3434 et
1215 3369 1307 3435 dixit

357 3468 418 3543 eis,
445 3468 644 3550 ‘Praecipio
679 3469 777 3532 vobis
810 3469 846 3532 iu
876 3471 1014 3533 nomine
1044 3469 1132 3534 Jesu
1163 3469 1306 3548 Christi,

357 3586 458 3648 quem
477 3567 724 3632 crucifixerunt
748 3567 770 3632 J
774 3568 877 3650 udaei,
904 3569 1004 3653 cujus
1024 3570 1306 3652 praedicationem

353 3666 472 3729 ‘miseri
490 3666 640 3731 Romani
663 3667 907 3750 despexerunt,
930 3678 1100 3752 quatenus
1116 3670 1159 3733 ad
1177 3690 1231 3734 me
1247 3690 1306 3734 ac·

357 3766 517 3829 cedentes
544 3767 692 3831 audiatis
716 3770 858 3832 verbum
888 3770 968 3846 Dei,
998 3769 1034 3832 in
1065 3770 1201 3833 nomino
1230 3770 1307 3854 ejus

358 3865 417 3947 qui
436 3885 499 3929 vos
524 3867 656 3930 creavit
679 3874 714 3931 et
730 3869 766 3931 in
789 3888 870 3933 arca
893 3868 971 3933 Noe
994 3870 1037 3932 ab
1061 3871 1160 3952 aquis
1183 3869 1306 3934 diluvii

356 3964 541 4031 liberavit.’
593 3968 639 4031 Et
666 3969 830 4033 continuo
853 3970 896 4033 ad
919 3969 1100 4052 imperium
1129 3969 1204 4053 ejus
1229 3971 1307 4034 uni-

357 4085 457 4130 versa
472 4066 532 4130 illa
550 4068 666 4132 avium
681 4069 867 4133 multitudo
881 4069 964 4133 illuc
981 4069 1146 4133 accedeus
1160 4071 1306 4134 circum-

356 4165 449 4231 dedit
472 4187 562 4245 eum,
586 4176 621 4232 et
642 4168 735 4233 facto
751 4169 902 4247 silentio,
917 4170 1080 4252 omnique
1096 4170 1229 4252 garritu
1245 4171 1305 4235 de-
