2864 4866
374 397 440 462 334
629 412 763 459 aocuar
789 412 835 459 nu
858 411 1065 461 wunnovun

213 602 336 644 annas.
376 573 488 638 solent
510 573 546 636 in
575 571 888 654 concupiscentiam
919 570 1112 649 mulierum,
1143 572 1196 635 ita
1224 571 1329 635 deco-

376 681 453 737 rata
474 672 699 755 resplenduit,
714 679 762 736 'ut
781 671 881 755 quasi
906 671 1150 753 impretiabilia
1167 671 1326 736 videren-

376 780 444 838 tur.
496 772 540 834 In
563 772 773 835 indumentis
800 778 915 836 autem
937 771 1083 849 festivis,
1106 778 1179 835 tam
1206 771 1326 836 sericis

377 892 480 956 quam
505 872 615 935 laneis
629 871 686 936 vel
705 871 804 935 lineis
825 871 951 936 diversi
973 870 1099 935 coloris
1123 878 1158 935 et
1175 871 1326 953 impera-

378 973 454 1036 trici
476 971 698 1052 dignissimis,
715 971 801 1035 adeo
823 971 946 1035 induta
967 971 1103 1049 enituit,
1121 971 1240 1035 utrix
1258 971 1326 1034 sci-

378 1080 430 1135 ret
448 1091 492 1134 ex
514 1070 632 1135 multis
650 1072 709 1154 qui
732 1071 875 1152 eligeret
890 1071 1015 1155 quibus
1036 1071 1074 1133 in
1096 1070 1151 1133 sui
1174 1089 1326 1135 amorem

377 1171 595 1253 imperatoris
618 1171 769 1234 animum
795 1171 988 1234 inclinaret.
1042 1169 1170 1234 Lectus
1188 1188 1327 1252 quoque

378 1272 487 1353 ipsius
506 1270 542 1333 in
559 1271 741 1353 opertoriis
759 1277 794 1334 et
809 1270 962 1334 culcitris
983 1268 1102 1333 sericis
1124 1269 1254 1333 diversi
1270 1289 1327 1334 co·
1405 1269 1408 1274 ’

378 1371 474 1448 loris,
496 1390 574 1433 cum
590 1370 688 1434 varia
706 1370 912 1452 supellectili
929 1377 965 1434 et
979 1366 1263 1433 lintheaminibus
1282 1389 1326 1433 ex

379 1469 522 1533 sindone
538 1470 667 1533 munda
684 1469 828 1552 paratis,
843 1477 916 1534 tam
939 1475 1161 1550 sumptuosus
1179 1469 1327 1547 exstitit,

379 1577 419 1633 ut
436 1587 500 1632 sua
517 1569 660 1633 mollitie
677 1570 714 1633 in
730 1588 767 1633 se
783 1569 1000 1652 quiescentes
1023 1568 1068 1632 ad
1091 1587 1251 1632 somnum
1268 1568 1329 1633 de·

379 1669 573 1732 lectabilem
589 1669 765 1733 invitaret.
810 1668 910 1733 Vasa
927 1670 1031 1732 etiam
1049 1668 1175 1746 omnia,
1190 1675 1263 1732 tam
1280 1669 1328 1734 vi-

380 1768 479 1832 naria
495 1788 599 1851 quam
623 1767 818 1846 fercularia,
838 1788 884 1832 ex
905 1776 1050 1850 argento
1073 1776 1174 1832 erant
1190 1776 1227 1832 et
1242 1788 1328 1833 auro

380 1868 582 1950 purissimo;
606 1875 652 1945 et,
671 1868 764 1951 quod
780 1869 938 1932 omnibus
955 1868 1167 1950 superfluum
1187 1867 1330 1932 videba-

381 1975 450 2045 tur,
459 1968 538 2031 ollae
548 1986 665 2032 omnes
679 1965 836 2050 coquinae
851 1967 999 2052 majores
1011 1969 1153 2050 pariter,
1166 1967 1329 2044 minores,

381 2087 426 2130 ex
442 2075 588 2148 argento
606 2067 701 2132 fuere
726 2067 921 2149 purissimo.
973 2066 1031 2131 Ad
1048 2087 1195 2150 quorum
1218 2069 1329 2132 omni-

381 2187 439 2229 um
457 2167 788 2231 administrationem
805 2175 841 2232 et
857 2167 1050 2232 custodiam
1065 2167 1153 2232 tales
1170 2167 1328 2252 deputati

381 2274 464 2331 sunt
480 2267 628 2330 ministri
647 2266 805 2344 curiales,
828 2267 888 2350 qui
912 2267 980 2349 ipsi
1003 2266 1214 2349 imperatrici
1233 2274 1272 2331 et
1288 2267 1329 2330 il-

381 2365 448 2429 lius
474 2365 614 2429 familiae
638 2386 732 2430 more
765 2367 862 2448 regio
884 2365 1129 2430 ministrarent.
1181 2365 1328 2429 Talibus

382 2471 497 2528 autem
513 2473 547 2528 et
562 2465 639 2528 aliis
656 2465 773 2530 multis
794 2466 909 2548 puella
926 2484 948 2529 a
965 2485 1047 2547 rege
1062 2466 1170 2530 fratre
1186 2465 1330 2530 suffulta

378 2563 568 2626 >honoribus
591 2572 625 2627 et
642 2566 763 2628 dotata
793 2566 992 2629 muneribus
1014 2565 1179 2652 remansit
1193 2565 1229 2628 in
1252 2585 1331 2630 cus-

382 2662 478 2727 todia
507 2664 659 2746 episcopi
681 2664 889 2729 Exoniensis
916 2672 952 2728 et
975 2664 1153 2746 Radulphi
1176 2663 1240 2728 filii
1263 2665 1329 2729 Ni·

381 2763 483 2839 colai,
506 2764 597 2844 regis
623 2763 816 2840 senescalli,
839 2772 875 2829 et
891 2764 1035 2828 aliorum
1056 2765 1209 2829 virorum
1231 2765 1330 2828 nobi·

381 2862 465 2925 lium
496 2862 538 2926 de
566 2863 756 2928 domestica
782 2863 876 2928 illius
908 2863 1052 2940 familia,
1083 2862 1330 2928 comitantibus

382 2963 549 3026 matronis
573 2963 744 3027 nobilibus
765 2971 801 3027 et
818 2964 943 3046 puellis
964 2964 1151 3046 generosis,
1169 2963 1236 3046 qui
1257 2984 1331 3028 om·

383 3082 443 3126 nes
461 3062 636 3126 curialiter
651 3061 776 3126 eruditi
798 3063 843 3125 ad
864 3063 1094 3145 imperatricis
1114 3062 1333 3129 sufficiebant

222 3193 340 3252 napaeas
350 3191 374 3229 or
383 3163 586 3244 obsequium
609 3171 644 3226 et
664 3161 882 3227 conductum.
935 3163 992 3240 Et,
1010 3163 1063 3226 his
1085 3163 1120 3226 iu
1144 3163 1235 3227 hunc
1258 3184 1333 3228 mo-

221 3243 358 3332 ilissilffm
383 3263 465 3325 dum
490 3262 678 3344 dispositis,
699 3282 763 3325 rex
787 3262 823 3325 in
846 3262 902 3326 die
924 3264 1036 3326 sancti
1053 3262 1226 3326 lobannis
1250 3270 1332 3329 ante

383 3368 519 3444 portam
544 3361 704 3425 Latinam
728 3362 821 3444 apud
845 3361 1194 3427 westmonasterium
1215 3365 1330 3428 tenuit

383 3462 525 3525 solenne
550 3460 677 3526 festum
700 3480 778 3524 cum
801 3460 1059 3544 archiepiscopo
1079 3461 1279 3527 Coloniensi
1295 3472 1332 3530 et

384 3562 518 3626 caeteris
534 3562 664 3626 nuntiis
680 3561 919 3643 imperatoris3
945 3568 980 3625 et
994 3562 1030 3625 in
1044 3562 1196 3626 crastino
1212 3582 1332 3628 omnes

384 3662 477 3743 apud
495 3660 680 3724 Derteford
702 3663 850 3743 burgum
876 3661 942 3725 iter
968 3661 1150 3744 arripiunt,
1165 3682 1249 3746 rege
1272 3683 1331 3728 co-

384 3761 480 3838 mite,
495 3779 572 3823 cum
587 3781 714 3843 magno
729 3761 893 3826 comitum
907 3781 948 3824 ac
961 3761 1128 3826 baronum
1144 3762 1332 3830 conductu.

385 3861 504 3942 Equos
519 3868 634 3924 autem
649 3868 703 3926 tot
716 3861 748 3924 ei
764 3868 799 3925 et
816 3861 903 3925 tales
930 3881 992 3925 rex
1009 3863 1211 3945 procuravit
1223 3864 1332 3928 variis

384 3961 555 4024 coloribus
568 3961 749 4026 distinctos
767 3969 800 4026 et
809 3962 966 4025 suaviter
981 3970 1173 4044 portantes,
1186 3963 1247 4046 qui
1260 3963 1333 4027 suf-

383 4061 545 4126 ficiebant
565 4061 609 4126 ad
629 4062 857 4144 imperatricis
878 4061 1054 4141 honorem,
1073 4062 1155 4125 dum
1177 4081 1333 4129 sessores

382 4181 464 4227 suos
489 4162 564 4226 sine
593 4162 717 4245 pedum
745 4162 931 4228 offensione
958 4163 1109 4247 quadam
1135 4161 1334 4230 delectabili
