2864 4866
368 434 507 483 eronus
530 433 799 486 rrrsronrnnun.
992 420 1058 488 275

109 595 268 660 manibus
297 595 531 680 bajulantem,
563 615 664 679 quem
698 595 862 661 atrociter
891 597 1192 680 arripien-nnnrr.

110 699 163 757 tes
193 703 229 760 et
256 696 404 760 fustibus
425 695 555 779 pariter
577 715 618 760 ac
644 696 771 779 pugnis
794 696 898 779 impie
924 697 1058 762 caeden-

111 800 163 858 tes
188 802 224 859 et
244 796 422 879 pellentes,
451 816 528 860 curn
555 795 690 860 duobus
717 796 957 861 liberatoribus
985 799 1058 861 suis

110 892 209 957 illum
236 896 280 959 ad
305 896 486 961 castellum
516 895 685 960 reducunt
715 904 751 961 et
777 896 929 978 graviori
955 917 1057 980 quam

111 995 208 1076 prius
230 996 396 1061 custodiae
418 996 649 1062 committunt.
701 996 768 1061 Sed
791 1017 847 1061 res
864 1004 965 1079 gesta
980 1017 1057 1062 curn

112 1093 157 1157 ed
184 1113 285 1160 aures
311 1096 469 1175 Roberti,
495 1095 756 1161 Saresbiriensis
788 1098 952 1180 episcopi,
980 1118 1059 1180 per-

112 1196 276 1273 venisset,
291 1196 389 1262 venit
408 1197 566 1262 celeriter
581 1196 626 1261 ad
641 1197 834 1275 castellum,
856 1198 1060 1280 praecipiens

112 1293 197 1376 ipsis
216 1296 370 1360 ecclesiae
393 1297 630 1373 violatoribus,
649 1304 689 1362 ut
710 1295 907 1361 Hubertum
930 1297 975 1360 ad
997 1316 1060 1380 pa·

112 1413 187 1457 cem
206 1396 360 1460 ecclesiae
383 1398 589 1480 quantocius
609 1396 787 1461 reductum
810 1396 928 1461 inille
951 1404 1060 1476 statu,

115 1513 185 1576 quo
220 1495 318 1559 illurn
350 1496 565 1574 invenerant,
599 1496 811 1560 dimitterent
840 1496 1059 1578 absolutum

114 1595 175 1659 sed
198 1596 379 1660 castellani
399 1597 612 1661 tumultuose
629 1596 715 1660 satis
737 1597 900 1679 episcopo
917 1616 1060 1680 respon-

115 1694 234 1759 dentes
261 1697 437 1775 dixerunt,
464 1716 501 1762 se
528 1696 631 1761 malle
659 1696 752 1779 quod
780 1696 960 1761 Hubertus
983 1715 1061 1760 sus-

113 1795 331 1877 penderetur,
356 1816 460 1880 quam
483 1797 574 1880 ipsi;
605 1802 653 1874 et,
675 1815 754 1860 cum
777 1796 874 1860 illum
897 1796 1060 1861 reducere

114 1895 317 1974 noluissent,
337 1898 520 1981 episcopus
543 1897 586 1961 de
606 1896 790 1960 commissa
806 1897 871 1960 sibi
888 1893 1061 1978 potestate

116 2015 235 2060 omnes
250 1998 452 2061 nominatim
464 1996 788 2072 excommunicavit,
797 1997 857 2079 qui
868 1996 966 2060 illum
976 1995 1063 2059 deti-

116 2097 245 2162 nebant
257 2098 363 2179 etqui
382 2098 418 2160 in
436 2117 514 2162 eum
532 2115 655 2160 manus
675 2096 866 2179 injecerant
880 2096 1060 2160 violentas.

116 2195 217 2261 Tunc
232 2198 414 2279 episcopus
429 2197 499 2276 ille,
513 2197 699 2280 conjuncto
715 2196 781 2259 sibi
799 2195 952 2276 Rogero,
969 2194 1061 2259 Lon-

117 2294 251 2360 dinensi
282 2298 457 2380 episcopo,
482 2305 518 2362 et
544 2295 749 2379 quibusdam
780 2295 858 2359 aliis
880 2295 1063 2379 episcopis,

117 2395 212 2460 venit
242 2396 287 2459 ad
316 2416 432 2477 regem
465 2416 570 2479 super
607 2395 735 2479 injuria
772 2394 933 2460 Huberto
963 2395 1063 2460 illata

117 2515 232 2561 coram
257 2515 300 2561 eo
326 2496 501 2579 querelam
530 2496 718 2578 deponens,
740 2516 803 2560 nec
827 2496 922 2578 prius
950 2496 995 2559 ab
1020 2514 1062 2560 eo

117 2595 261 2660 recessit
280 2615 385 2678 quam
406 2595 557 2659 Huberti
579 2595 816 2660 liberationem
838 2595 1059 2679 impetravit;

116 2702 152 2760 et
167 2696 217 2759 sic
233 2695 269 2758 in
284 2696 441 2772 ecclesia,
456 2696 565 2760 invito
580 2715 674 2778 rege,
685 2696 849 2759 remissus
861 2702 915 2759 est
930 2695 1062 2759 decimo

115 2796 237 2878 quinto
248 2793 417 2859 kalendas
436 2794 654 2860 Novembris.
696 2794 761 2859 Sed
775 2815 836 2858 rex
848 2796 956 2858 iratus
971 2795 1063 2858 vice·

117 2894 235 2961 comiti
249 2896 437 2979 provinciae
458 2895 552 2959 illms
574 2894 669 2959 dedit
685 2915 747 2977 per
768 2894 887 2958 literas
909 2894 945 2956 in
966 2912 1064 2956 man-

117 2995 221 3074 datis,
241 3004 282 3060 ut
296 2996 475 3060 ecclesiam
495 2995 678 3071 obsideret,
704 2995 814 3058 donec
832 2994 1013 3058 Hubertus
1026 2993 1063 3056 in

117 3113 160 3160 ee
175 3115 219 3160 ex
236 3097 390 3161 ciborum
403 3095 519 3160 inedia
535 3094 728 3160 moriretur.

220 3268 312 3344 Quod
322 3267 532 3334 Moroscolloo
546 3266 703 3333 metoliton
719 3265 809 3352 oepit,
825 3263 907 3351 qood
919 3263 985 3350 rapi

496 3367 683 3432 tradideret.

180 3494 250 3559 Per
278 3493 369 3559 idem
393 3501 542 3576 tempus,
572 3491 699 3574 elapsis
726 3488 920 3573 quindecim
945 3487 1065 3551 diebus
1080 3504 1227 3546 rhammus

115 3601 301 3678 postquam
325 3613 440 3658 comes
465 3591 693 3658 Maresoallus
712 3589 786 3670 regi
809 3587 990 3653 castellum
1009 3606 1065 3650 su·
1079 3566 1229 3648 ἱῗῗιοιῖἷὶιῗὲιῗ

119 3714 176 3758 um
193 3695 395 3772 tradiderat,
416 3699 457 3758 ut
478 3692 681 3777 praedictum
704 3696 769 3767 est,
794 3696 834 3754 nt
855 3688 922 3752 sibi
943 3687 1065 3751 redde·

118 3801 173 3859 ret
198 3795 379 3878 repetenti,
407 3794 502 3858 misit
526 3793 571 3857 ad
598 3811 725 3872 regem,
745 3790 891 3854 termino
913 3787 1065 3865 evoluto,

118 3914 258 3978 rogans,
276 3901 317 3960 ut
331 3894 438 3978 juxta
456 3898 597 3977 pactum
616 3892 814 3956 restitueret
829 3889 895 3953 sibi
913 3895 1064 3952 castrum

119 4014 232 4074 suum,
262 3995 305 4059 de
336 4014 405 4078 quo
431 3993 652 4078 fideJussores
679 3991 907 4056 constituerat
933 3989 1066 4071 episco-

118 4115 201 4179 pum
223 4094 500 4161 Wintoniensem
529 4100 565 4157 et
591 4091 804 4174 Stephanum
831 4088 874 4152 de
902 4087 1067 4170 Segrave,

119 4196 179 4277 qui
194 4203 278 4260 tunc
294 4195 389 4260 vices
407 4192 593 4278 justiciarii
618 4191 760 4273 gerebat
780 4179 856 4253 sub'
864 4207 957 4269 rege,
975 4185 1067 4269 quod

921 4311 937 4346 r
948 4301 964 4347 2
