2864 4866
348 383 392 449 80
606 400 741 449 nocnnr
766 401 813 448 na
837 400 1043 450 warnerus

187 577 243 668 gint-
254 580 311 668 ¹1²²²'
348 561 524 646 praedictae
551 568 672 626 contra
706 561 1013 644 comprovinciales
1049 568 1151 626 extra
1180 562 1299 626 urbem

186 640 281 720 ιοῖιῖοιῖ
347 663 491 745 positos,
511 662 639 726 scirent
666 670 706 727 ut
728 663 806 745 quis
829 681 947 726 eorum
971 660 1147 726 videretur
1168 663 1299 727 viribus

347 781 423 826 csse
453 762 575 846 major.
629 761 705 825 Illis
738 769 855 826 autem
884 761 943 825 diu
977 761 1232 827 decertantibus
1265 769 1301 826 et

347 862 426 926 binc
456 862 536 926 inde
569 863 871 938 tumultuantibus
899 863 1005 939 cives,
1035 863 1113 926 aliis
1136 861 1300 938 confusis,

347 963 528 1027 victoriam
560 967 792 1046 reportarunt.
846 960 945 1025 Inter
971 962 1060 1025 alios
1083 981 1222 1045 quoque
1248 980 1302 1026 se-

348 1062 544 1127 neschallus
562 1062 698 1126 abbatis
707 1061 1011 1125 westmonasterii
1027 1061 1190 1126 confusus
1208 1081 1302 1126 rece-

347 1161 444 1240 dens,
464 1161 635 1245 quomode
662 1181 699 1226 se
721 1181 872 1244 suosque
894 1160 1077 1245 complices
1097 1161 1300 1239 vindicaret,

348 1263 474 1326 anxius
490 1263 679 1344 cogitabat.
710 1261 866 1325 Tandem
882 1261 974 1325 hunc
985 1261 1148 1326 vindictae
1162 1261 1301 1325 modum

349 1363 553 1445 excogitans
580 1362 704 1425 statuit
727 1362 870 1426 arietem
897 1362 934 1425 in
962 1354 1033 1424 ¹die
1058 1362 1170 1425 sancti
1203 1360 1301 1425 Petri

349 1462 394 1525 ad
411 1462 563 1537 vincula,
581 1461 787 1525 denuntians
803 1481 865 1544 per
881 1461 1107 1544 provinciam,
1123 1468 1163 1524 ut
1181 1479 1301 1526 omnes

350 1561 395 1625 ad
427 1561 602 1625 luctamen
633 1562 789 1626 venirent
819 1560 912 1643 apud
941 1560 1303 1640 westmonasterium,

349 1662 469 1744 etqui
496 1661 617 1725 melior
638 1661 673 1725 in
703 1661 889 1726 luctamine
918 1661 1130 1726 inveniretur
1158 1661 1301 1726 arietem

350 1781 413 1844 pro
431 1761 586 1826 mercede
603 1761 784 1843 acciperet.
834 1760 1026 1825 Praedictus
1041 1762 1174 1827 interea
1188 1781 1302 1826 senes-

350 1862 485 1925 challus
510 1861 737 1944 congregavit
762 1861 856 1925 viros
883 1863 1044 1926 robustos
1068 1869 1106 1926 et
1130 1863 1167 1925 in
1191 1862 1304 1926 lucta·

349 1949 440 2025 mine
457 1961 652 2046 expeditos,
674 1967 713 2024 ut
730 1961 780 2025 sic
802 1961 926 2025 saltem
942 1962 1089 2026 victoria
1110 1961 1302 2044 potiretur3

349 2061 443 2126 cives
456 2081 537 2126 vero
550 2082 594 2126 ex
606 2060 752 2126 victoria
767 2061 893 2125 iterata
908 2061 1060 2143 gaudere
1071 2061 1249 2143 cupientes
1266 2062 1303 2127 in

350 2180 455 2225 manu
469 2162 586 2226 valida
603 2167 840 2226 convenerunt
862 2161 906 2225 ad
928 2160 1059 2240 ludum,
1082 2167 1199 2243 atque,
1223 2162 1303 2227 hinc

349 2261 430 2324 inde
447 2263 634 2326 certamine
647 2261 823 2339 inchoato,
840 2260 898 2325 diu
916 2268 952 2325 et
968 2262 1102 2326 sortiter
1120 2280 1158 2325 se
1179 2269 1300 2326 mutuo

351 2362 625 2442 prosternebant.
677 2360 920 2425 Seneschallus
940 2379 1077 2444 quoque
1097 2361 1305 2445 saepedictus

351 2479 428 2523 cum
451 2461 657 2525 suburbanis
677 2468 712 2524 et
727 2461 1085 2544 comprovincialibus,
1106 2462 1166 2543 qui
1186 2461 1304 2544 potius

351 2559 539 2623 vindictam
559 2579 662 2642 quam
687 2559 806 2623 ludum
833 2561 1008 2637 sitiebant,
1035 2561 1108 2624 sinc
1131 2580 1237 2624 causa
1258 2562 1303 2625 ad

351 2676 448 2722 arma
471 2660 666 2742 prosiliunt,
690 2666 796 2743 atque
818 2660 923 2738 cives,
947 2660 1006 2743 qui
1028 2661 1175 2725 inermes
1197 2661 1303 2726 adve-

351 2766 487 2836 nerant,
510 2761 664 2842 graviter
686 2768 721 2824 et
740 2780 808 2824 non
837 2761 911 2824 sine
933 2761 1112 2843 sanguinis
1139 2760 1304 2825 effusione

351 2859 588 2941 pulsaverunt.
642 2859 690 2924 At
707 2860 801 2924 cives
819 2861 967 2942 turpiter
986 2860 1160 2935 vulnerati
1181 2859 1302 2942 fugam

351 2959 556 3041 arripientes
569 2979 646 3024 cum
664 2961 817 3023 maxima
832 2959 1033 3024 confusione
1049 2960 1197 3042 ingressi
1218 2968 1301 3025 sunt

350 3058 548 3138 civitatem
573 3061 698 3143 quibus
714 3059 891 3141 ingressis,
912 3061 1063 3125 surrexit
1078 3060 1245 3126 tumultus
1267 3061 1304 3124 in

350 3158 492 3241 populo,
506 3160 674 3243 signoque
692 3160 865 3224 communi
886 3160 1038 3242 pulsato,
1060 3160 1154 3224 cives
1171 3161 1303 3242 pariter

350 3266 598 3337 convenerunt,
633 3267 680 3336 ct,
712 3279 749 3323 re
775 3266 876 3341 gesta
900 3260 1033 3324 cunctis
1059 3279 1122 3342 per
1148 3257 1303 3325 ordinem

351 3358 538 3437 declarata,
563 3359 691 3424 diversi
717 3359 889 3423 diversam
909 3358 1303 3425 vindicteesententiam

351 3458 579 3540 protulerunt.
632 3458 729 3523 Serlo
759 3458 899 3523 tandem
924 3458 1035 3543 major
1061 3458 1226 3537 civitatis,
1250 3461 1304 3524 vir

351 3556 501 3638 prudens
530 3564 566 3621 et
590 3557 766 3640 pacificus,
794 3558 974 3623 consilium
996 3556 1101 3634 dedit,
1128 3565 1168 3623 ut
1195 3561 1303 3624 abbas

351 3656 652 3721 Westmouasterii
680 3677 783 3741 super
806 3657 868 3721 illa
899 3658 1138 3723 conveniretur
1164 3658 1304 3743 injuria,

351 3774 455 3837 quam
479 3757 509 3819 si
532 3756 637 3821 rellot
661 3777 723 3839 pro
748 3777 785 3821 se
808 3759 948 3840 suisque
971 3757 1142 3840 corrigere
1168 3776 1305 3842 compe-

351 3861 476 3932 tenter,
497 3856 562 3921 boc
587 3855 758 3923 sufficeret
779 3858 961 3923 universis.
1014 3857 1070 3923 Ad
1095 3858 1170 3923 hacc
1190 3852 1304 3925 20οη-

385 4055 454 4107 ¹Die
464 4059 543 4107 sancti
554 4057 627 4108 Petri
643 4060 675 4108 ud
691 4058 814 4123 rincum]
841 4061 968 4123 Arnulpb.
1005 4062 1081 4112 Paris
1091 4062 1184 4112 relatas
1194 4063 1251 4113 rust
1261 4065 1304 4114 the

351 4128 455 4189 August
465 4129 508 4178 the
520 4133 568 4180 lst.
841 4134 974 4182 execution
981 4131 1010 4181 ol
1017 4133 1068 4182 this
1076 4131 1241 4183 Constantine
1248 4149 1305 4185 was

384 4193 596 4268 ⁹Coastcntimu,]
607 4200 813 4250 sumamedFitz·
840 4217 887 4252 one
898 4203 927 4252 ol
939 4203 982 4252 the
997 4204 1069 4265 pleas
1080 4203 1161 4265 urged
1178 4205 1212 4266 by
1224 4204 1305 4256 bouis
