2864 4866
403 428 542 476 rnonns
567 428 836 487 nrsroamnun.
1049 413 1092 476 33

139 583 199 646 diu
223 585 458 666 perstiterant,
486 594 534 651 ut'
549 585 734 650 Lodowico
759 594 794 651 et
817 586 1003 651 baronibus
1028 599 1225 651 enan-1²1⁷·

140 685 402 749 communicatis
433 685 550 750 divina
578 686 732 751 facerent
761 686 933 750 celebrare
960 693 1089 769 myste-

141 783 196 847 ria
214 802 236 847 a
255 785 466 868 presbyteris
489 785 809 863 excommunicatis
837 786 927 850 unde
951 787 995 849 ab
1018 806 1091 850 om·

141 883 242 947 nibus
273 885 448 949 beneficiis
477 886 619 968 spoliati
645 905 667 950 a
697 885 814 968 legato
845 879 1009 950 ¹Romam
1039 886 1089 951 ire

138 983 306 1066 compulsi
334 993 442 1064 sunt;
473 1005 553 1049 nam
583 984 677 1050 illico
705 993 785 1068 post
811 1004 983 1050 recessum
1018 985 1087 1050 Lo·

139 1083 262 1148 dowici
285 1086 329 1148 ab
351 1083 481 1167 Anglia
506 1086 644 1168 legatus
668 1085 762 1150 misit
781 1085 1003 1168 inquisitores
1025 1105 1087 1169 per·

139 1202 257 1247 omnes
280 1181 420 1266 Angliao
450 1185 660 1269 provincias,
690 1185 750 1268 qui
782 1204 1015 1269 quoscumque
1043 1186 1086 1259 da

139 1303 307 1349 consensu
332 1285 436 1349 etiam
459 1285 635 1350 levissimo
657 1285 846 1367 culpabiles
868 1285 1083 1361 invenerunt,

139 1383 385 1468 cujuscumque
413 1393 530 1449 essent
556 1385 690 1461 ordinis-
712 1385 769 1450 vel
791 1384 983 1465 dignitatis,
1010 1403 1088 1447 sus-

138 1502 265 1565 pensos
295 1485 464 1550 miserunt
489 1486 533 1551 ad
559 1486 712 1567 legatum
736 1493 772 1550 et
793 1484 838 1548 ab
863 1484 956 1548 omni
983 1484 1087 1549 bene-

140 1582 216 1648 ficio
235 1584 414 1667 spoliatos,
434 1585 495 1667 qui
514 1586 651 1651 illorum
671 1586 836 1651 beneficia
858 1585 929 1648 suis
952 1584 1087 1648 clericis

139 1683 355 1749 abundanter
381 1685 558 1752 distribuit
581 1696 686 1770 atque
711 1687 753 1751 de
779 1685 913 1750 damnis
939 1684 1084 1748 aliorum

139 1803 220 1847 suos
246 1804 365 1848 omnes
390 1785 516 1850 divites
542 1786 636 1851 fecit.
688 1785 797 1867 Hugo
826 1804 975 1868 quoque,
1003 1784 1087 1848 Lin-¹

139 1883 321 1948 colniensis
349 1885 545 1968 episcopus,
572 1887 609 1949 in
634 1884 796 1966 Angliam
823 1885 963 1948 veniens
991 1883 1086 1947 mille

138 2001 272 2048 marcas
294 2005 357 2068 pro
376 1986 577 2068 episcopatu
597 2005 660 2049 suo
681 1984 914 2067 recuperando
935 1983 980 2046 ad
997 2002 1087 2065 opus

138 2083 266 2147 domini
287 2103 400 2167 papae,
423 2092 458 2149 et
475 2093 614 2149 centum
637 2102 771 2148 marcas
793 2084 923 2164 legato,
945 2083 987 2146 de
1006 2102 1086 2164 pro-

137 2184 221 2248 bata
237 2185 385 2266 pecunia
403 2184 619 2264 numeravit3
644 2183 743 2268 cujus
759 2183 954 2265 exemplum
973 2183 1084 2260 multi,

104 2353 107 2357 ,
138 2290 209 2347 tam
233 2285 385 2367 episcopi
405 2303 510 2367 quam
530 2284 596 2349 viri
617 2283 782 2366 religiosi,
801 2284 949 2348 insecuti
969 2303 1086 2367 sump-

137 2383 228 2447 tibus
249 2384 351 2448 nimis
370 2385 544 2448 damnosis
564 2385 713 2465 gratiam
736 2385 801 2448 sibi
819 2383 1086 2448 reconciliabant

137 2482 255 2566 legati.
300 2483 520 2549 ‘clericorum
547 2504 629 2549 vero
664 2494 699 2548 et
721 2484 963 2548 canonicorum
989 2502 1087 2546 secu-

137 2583 261 2647 larium
290 2585 417 2667 ubique
447 2584 574 2650 haustu
599 2591 671 2649 tam
701 2583 926 2648 immoderato
953 2581 1086 2645 loculos

137 2684 331 2761 evacuavit,
352 2691 402 2760 ut,
421 2684 528 2768 juxta
551 2684 786 2766 evangelicam
809 2682 1027 2759 sententiam,
1045 2701 1086 2745 ea

138 2803 217 2866 quae
253 2791 353 2849 erant
381 2784 540 2867 ,dispersa
579 2792 808 2865 congregaret
838 2784 875 2845 iu
907 2801 1014 2845 unum
1051 2789 1087 2844 et

138 2884 256 2949 multis
284 2904 329 2948 ex
356 2885 572 2966 portionibus
600 2903 705 2947 unum
731 2882 896 2965 grandem
929 2899 1088 2945 accumu-

136 2983 224 3049 laret
238 3002 413 3073 acervum.

138 3158 187 3222 Da
204 3157 427 3224 uolutantes
441 3169 468 3224 cl
482 3158 670 3225 Frlsocidca
683 3160 743 3223 lter
758 3157 804 3222 cd
817 3167 934 3221 terram
948 3165 1089 3220 sunctum

530 3256 697 3345 apartibus.

190 3378 308 3449 Circa²
333 3384 406 3449 dies
431 3385 517 3449 istos
543 3384 637 3449 sacta
662 3391 715 3448 est
734 3383 840 3446 motio
863 3381 1016 3444 maxima
1044 3399 1088 3444 ex
1100 3395 1232 3488 amor

141 3482 398 3548 Coloniensium
433 3491 469 3549 ct
495 3484 679 3554 Frisonum
720 3481 906 3566 provinciis
937 3481 1089 3544 virorum
1101 3499 1156 3538 aa..

139 3581 281 3647 fortium
304 3591 340 3649 et
357 3585 575 3661 bellatorum,
598 3585 657 3668 qui
684 3603 706 3648 a
728 3582 898 3665 principio
919 3580 1087 3663 praedica-

140 3683 244 3747 tionis
271 3682 382 3748 crucis
414 3690 495 3767 post
517 3684 678 3766 generale
708 3682 889 3747 concilium
916 3687 1089 3744 trecentas

177 3863 300 3914 monam
321 3864 359 3913 ire
385 3863 500 3926 compulsi
523 3860 602 3922 suat]
669 3858 764 3910 2Circa
782 3860 835 3908 dies
852 3858 933 3920 latos]
956 3857 1032 3918 Upon
1049 3855 1092 3905 the

139 3933 194 3984 The
216 3935 291 3984 order
306 3934 345 3984 ior
360 3935 427 3983 their
444 3934 547 3995 leaving
563 3933 607 3981 the
632 3930 717 3980 works
737 3935 763 3979 to
784 3931 816 3978 be
835 3926 967 3978 consulted
989 3927 1028 3975 for
1049 3925 1092 3973 tha

141 4004 263 4068 kingdom
285 4006 308 4054 is
330 4004 431 4067 printed
454 4005 481 4052 in
504 4004 607 4064 Rymer‚
633 4001 728 4062 history
740 3999 769 4048 of
782 3999 833 4048 this
850 3996 968 4059 orusade,
981 4010 1024 4045 see
1041 3995 1093 4042 Mi-

142 4075 206 4124 from
238 4075 281 4124 tho
312 4075 370 4125 Rot.
406 4073 496 4124 Olane.
530 4073 608 4123 dated
633 4071 727 4133 chaud,
742 4070 812 4119 Hiat.
829 4068 875 4118 des
893 4066 1038 4136 Croisades,
1054 4065 1093 4113 iii.

141 4146 229 4213 sicko,
239 4145 282 4194 the
291 4145 350 4194 lam
360 4144 389 4193 oi
398 4145 548 4205 February3
566 4157 609 4192 see
633 4158 660 4204 p.
673 4145 731 4190 ctae.

143 4209 197 4266 also
208 4216 268 4265 Rot.
280 4214 369 4265 Claus.
380 4230 407 4276 p.
421 4218 479 4265 8⁷⁷.

192 4323 271 4371 VOL.
288 4322 335 4371 1v.
920 4313 943 4358 D
