2864 4866
393 416 532 465 neonus
554 416 824 464 msronmuuu.
1022 401 1086 464 111

227 647 372 722 Qualiter
379 646 490 734 puello
497 647 604 732 fuerit
620 645 752 711 liberato
761 668 822 733 per
838 647 999 712 damonae

390 770 412 811 a
427 747 559 834 quodum
574 747 642 812 uiro
657 747 829 812 i'bidiuoso.

188 871 344 937 Tandem
360 880 441 956 post
457 873 530 937 dies
547 891 690 956 paucos,
701 892 790 959 ‚oum
808 873 925 954 puella
941 874 1089 954 praefata
1099 895 1154 934 nn.
1165 896 1222 933 urs.

137 973 182 1037 ab
205 974 364 1037 omnibus
389 981 480 1037 esset
506 973 684 1038 diabolicis
706 973 960 1037 incursionibus
990 946 1190 1056 peni-¹⁴⁰⁸⁰¹¹⁶'

138 1080 204 1137 tus.
221 1074 392 1150 absoluta,
417 1074 574 1138 diabolus
601 1073 745 1137 adeam
770 1092 929 1137 reversus
955 1074 1087 1138 saluta·

140 1175 191 1238 vit
207 1174 302 1238 illam
327 1182 361 1239 et
381 1174 482 1251 dixit,
505 1173 659 1251 ‘Salva'
678 1174 803 1256 inquit,
826 1174 990 1238 ‘domina
1011 1194 1088 1239 mea

140 1281 176 1338 et
198 1274 275 1339 Deo
308 1275 469 1338 oaelorum
498 1275 599 1357 virgo
628 1275 878 1350 dilectissima3
912 1295 978 1356 ego
1005 1295 1088 1339 vero

141 1394 219 1439 sum
237 1375 296 1439 ille
316 1375 501 1451 Satbanas,
525 1376 585 1458 qui
604 1382 639 1439 te
658 1375 731 1458 jam
756 1394 817 1456 per
838 1381 970 1457 septem
994 1395 1089 1440 men-

141 1495 197 1540 ses
212 1477 248 1539 in
267 1483 320 1540 tot
337 1476 600 1552 tentationibus,
623 1476 704 1539 licet
719 1476 879 1552 inaniter,
898 1476 1031 1552 induxi,
1050 1483 1090 1540 ut

141 1577 271 1641 abono
293 1583 328 1640 te
350 1577 529 1659 proposito
551 1595 749 1640 revocarem
774 1577 864 1640 etin
887 1576 936 1639 eis
956 1576 1089 1659 laqueis

140 1677 329 1756 irretirem3
359 1678 431 1753 sed,
454 1676 616 1760 quoniam
639 1677 674 1739 in
694 1677 825 1740 artibus
845 1677 930 1740 meis
947 1676 1090 1740 fraudu·

141 1777 244 1842 lentis
268 1797 290 1841 a
313 1785 347 1841 te
369 1779 483 1842 victus
507 1777 628 1854 defeci,
656 1776 721 1842 hoc
747 1776 828 1839 mibi
855 1797 917 1858 pro
942 1797 1047 1858 poena
1069 1796 1091 1840 a

144 1879 294 1944 Domino
308 1878 384 1941 caeli
400 1877 566 1942 inflictum
583 1884 649 1955 est,
662 1886 701 1942 ut
717 1897 893 1960 nunquam
908 1877 950 1940 de
965 1887 1090 1941 caetero

142 1979 225 2042 mihi
250 1977 355 2043 liceat
378 1978 518 2061 aliquod
544 1978 720 2042 hominum
747 1997 856 2059 genus
878 1984 1013 2041 tentare
1035 1976 1092 2041 vel

144 2079 339 2162 quempiam
369 2098 391 2142 a
421 2079 519 2143 bonis
553 2079 687 2143 actibus
721 2077 897 2160 impedire.
966 2077 1092 2142 Habeo

145 2186 314 2262 praeterea
340 2179 539 2243 mandatum
559 2199 581 2242 a
598 2178 759 2256 Domino,
778 2178 834 2241 cui
856 2178 1092 2259 obtemperare

144 2298 284 2344 necesse
300 2287 366 2357 est,
383 2287 423 2343 ut
439 2280 679 2365 quodcumque
693 2279 777 2341 mihi
792 2279 996 2361 praeceperis
1014 2298 1091 2342 cum

144 2379 365 2444 festinatione
381 2379 568 2463 perficiam,
586 2386 622 2443 et
637 2381 741 2444 etiam
757 2379 996 2462 quodcumque
1010 2399 1091 2461 sup-

144 2480 285 2564 plicium
310 2481 516 2564 praeceperis
542 2499 621 2543 cum
647 2479 869 2544 festinatione
896 2481 970 2543 sine
997 2499 1093 2544 mora

145 2580 283 2645 subire.'
335 2580 425 2644 Haec
449 2580 593 2644 audiens
614 2580 730 2662 puella
752 2581 801 2643 ait
823 2580 868 2643 ad
890 2581 1092 2658 daemonem,

145 2681 364 2746 ‘Conservet
381 2702 435 2744 me
454 2680 551 2745 Deus
570 2700 591 2744 a
608 2687 721 2744 vestro
739 2681 911 2744 consortio
934 2689 969 2745 et
983 2681 1093 2744 famu-

145 2782 232 2859 latu,
250 2782 348 2845 novit
365 2782 453 2844 enim
475 2780 540 2844 Ille
557 2780 648 2863 quod
667 2780 770 2844 talem
792 2781 984 2845 ministrum
1002 2802 1089 2844 nun·

147 2902 251 2965 quam
267 2879 393 2945 dilexi?
438 2881 496 2958 Et,
511 2881 565 2944 his
582 2882 633 2945 ita
649 2882 768 2963 gestis,
783 2882 929 2963 contigit
944 2882 1093 2963 puellam

147 2982 320 3066 quandam
344 2981 478 3063 ingredi
498 2982 688 3058 civitatem,
709 2989 744 3045 et
762 2982 875 3062 gratia
896 2980 1094 3063 hospitandi

145 3083 284 3148 domum
314 3081 495 3166 cujusdam
524 3088 692 3145 matronae
720 3081 878 3162 ingressa
907 3081 1094 3163 hospitium

146 3183 328 3268 postulans
350 3182 560 3265 impetravit.
606 3181 761 3263 Vespere
782 3190 898 3244 autem
917 3180 1020 3257 facto,
1033 3182 1093 3265 ju-

147 3285 245 3349 venis
260 3283 413 3366 quidam,
427 3281 603 3366 praedictae
621 3289 788 3345 matronae
804 3281 907 3357 filius,
925 3280 967 3344 de
990 3301 1094 3364 nego·

148 3385 204 3448 tiis
220 3384 394 3448 consuetis
413 3384 552 3447 domum
568 3383 715 3458 rediens,
732 3401 810 3445 cum
826 3380 970 3445 vidisset
988 3377 1112 3464 virgi?

147 3504 238 3562 nem,
265 3499 369 3567 quam
400 3490 510 3547 mater
535 3482 611 3566 ejus
639 3483 821 3546 caritative
845 3482 1095 3564 hospitaverat,

148 3586 255 3667 coepit
272 3583 434 3648 admirari
456 3584 492 3646 in
514 3583 635 3647 habitu
657 3582 742 3646 adeo
762 3582 974 3664 despicabili,
991 3590 1025 3646 et
1044 3582 1096 3646 fa-

149 3686 213 3749 ciei
234 3684 367 3768 pallore
390 3683 493 3748 simul
509 3691 545 3747 et
561 3684 682 3760 macie,
700 3684 850 3746 omnium
867 3684 1095 3747 membrorum

148 3785 224 3870 ejus
246 3785 439 3849 naturalem
466 3784 746 3866 dispositionem3
775 3784 812 3846 in
834 3803 904 3866 qua
926 3803 1014 3865 opus
1035 3803 1095 3847 na·

149 3893 238 3949 turae
263 3886 300 3948 in
325 3892 459 3949 tantum
486 3883 655 3960 laudavit,
681 3883 775 3966 quod
802 3902 824 3946 a
851 3882 973 3965 planta
998 3883 1096 3967 pedis

148 4005 257 4068 usque
275 3985 320 4048 ad
336 3986 497 4065 verticem
514 3986 550 4047 in
568 3984 662 4047 nullo
685 3982 842 4066 deliquit,
860 3980 921 4048 sed
938 3991 974 4048 et
990 3986 1096 4048 totius

149 4086 303 4168 corporis
325 4086 378 4148 sui
402 4085 626 4167 dispositione
649 4085 753 4148 etiam
776 4084 913 4167 generis
935 4085 1096 4149 nobilita-

148 4194 218 4251 tem
237 4186 414 4251 evidenter
434 4185 616 4270 expressit.
670 4184 764 4263 Quid
792 4188 902 4267 ergo?
956 4186 1098 4249 Exarsit
