2864 4866
452 408 591 458 rnoans
615 409 884 461 ursronmnuu.
1072 399 1138 464 261

188 564 355 645 articulis,
378 586 400 631 a
415 587 497 651 quo,
514 569 551 632 in
568 569 679 634 forma
700 570 918 653 procedendi,
935 571 1038 636 talem
1066 588 1270 638 mean-12³²·

187 666 258 730 ruit
273 666 399 732 habere
416 669 674 752 responsionem
688 690 697 751 ;

224 842 274 906 De
290 841 506 909 consultatione
511 844 608 928 sorta
622 843 668 1007 ag
674 865 800 930 papam·
813 867 905 930 saper
920 845 1096 912 visitatione

571 965 643 1029 prae
665 945 739 1009 icto.

233 1067 324 1144 ‘Ea
348 1088 426 1151 quae
448 1086 511 1151 pro
533 1068 709 1150 religionis
733 1067 915 1132 honestate
937 1076 973 1133 et
992 1069 1131 1151 religio·
1146 1088 1269 1150 meppea

186 1186 304 1232 sorum
320 1169 438 1232 salute
452 1167 596 1250 provide
613 1167 829 1245 ordinantur,
844 1168 1034 1250 apostolico
1050 1178 1133 1235 sunt
1144 1140 1261 1248 dd¹iii¹⁰¹¹⁸

187 1269 373 1331 munimine
395 1267 600 1345 roboranda,
616 1274 656 1331 ut
671 1268 905 1349 suscipiantur
924 1268 1082 1333 devotius
1098 1278 1134 1335 et
1144 1239 1237 1279 *mm

186 1366 385 1448 diligentius
401 1368 639 1431 observentur.
687 1365 775 1430 Cum
791 1386 875 1448 ergo
891 1388 953 1449 per
969 1368 1133 1433 dilectum

186 1465 295 1530 filiurn
310 1468 469 1531 abbatem
486 1466 719 1530 Montis-belli
729 1466 888 1549 quaedam
901 1467 1055 1551 capitula
1071 1489 1133 1533 no-

186 1566 239 1630 bis
251 1565 376 1630 fuerint
385 1573 611 1649 praesentata,
620 1585 699 1648 quae
711 1565 755 1630 ad
770 1566 1011 1648 castigandum
1023 1575 1132 1633 trans·

185 1667 380 1748 gressiones
404 1665 610 1748 multiplices
635 1672 672 1729 et
690 1660 865 1742 excessus
888 1685 976 1749 quos
997 1667 1033 1728 in
1056 1668 1132 1749 qui-

187 1765 332 1829 busdam
353 1765 521 1830 coenobiis
542 1766 734 1842 invenerat,
756 1765 961 1830 videbantur
985 1785 1048 1848 pro
1075 1785 1131 1830 sa-

187 1865 260 1929 lute
282 1885 323 1929 ac
345 1865 526 1929 honestate
550 1871 669 1928 nostra
692 1864 913 1928 laudabiliter
935 1866 1131 1944 statuenda,

187 1983 251 2029 nos
273 1965 465 2028 examinari
484 1970 520 2028 et
536 1964 661 2045 corrigi
680 1964 834 2042 fecimus,
856 1971 892 2028 et
911 1965 1131 2047 praecipimus

108 2093 112 2100 ·
188 2071 229 2128 ut
250 2064 495 2130 inviolabiliter
518 2064 719 2142 observetis,
741 2083 820 2146 quae
842 2063 966 2146 sigillis
987 2083 1132 2129 venera·

188 2165 307 2227 bilium
331 2164 477 2229 fratrum
501 2171 696 2228 nostrornm
725 2161 923 2227 Hostiensis
944 2170 981 2227 et
996 2163 1131 2228 Tuscu·

186 2264 337 2328 lanensis
358 2264 485 2327 muniri
502 2263 644 2328 fecimus
660 2262 704 2326 ad
722 2263 904 2326 cautelam.
958 2263 1004 2327 Et
1018 2263 1131 2330 adhuc

186 2364 345 2429 volumus
362 2370 398 2427 et
410 2363 629 2446 praecipimus
645 2362 853 2427 auctoritate
872 2363 1076 2445 apostoliea,
1091 2373 1131 2430 ut

185 2463 382 2528 visitatores
402 2462 447 2526 ad
469 2462 629 2550 generale
650 2463 841 2545 capitulum
864 2472 1054 2529 convocent
1068 2466 1129 2528 ab·

185 2565 296 2640 botes,
318 2570 353 2627 et
371 2564 502 2646 priores
522 2581 592 2626 non
609 2562 774 2626 habentes
796 2563 940 2627 abbates
959 2564 1128 2647 proprios,

185 2670 257 2727 tam
273 2670 453 2745 exemptos
467 2681 570 2744 quam
592 2682 662 2725 non
678 2669 871 2744 exemptos,
885 2663 945 2745 qui
962 2683 1030 2727 non
1045 2682 1129 2727 con·

185 2770 373 2827 suevemnt
397 2761 584 2844 capitulum
614 2761 809 2842 celebrare;
844 2761 1068 2844 praesidentes
1092 2764 1129 2827 in

184 2862 262 2945 ipso
279 2861 433 2944 capitulo
450 2861 614 2943 generali,
629 2862 794 2925 canonico
808 2860 1052 2942 impedimento
1068 2863 1129 2925 ab·

184 2961 269 3026 lato.
321 2961 391 3026 Eos
414 2960 532 3042 igitur,
550 2960 611 3043 qui
631 2953 899 3041 contempserint
915 2960 970 3024 vel
985 2960 1129 3042 neglex-

185 3061 275 3125 erint
294 3061 488 3138 oonvenire,
506 3067 664 3124 cessante
685 3051 869 3142 cujuslibet
887 3059 1130 3141 appellationis

185 3160 377 3237 obstaculo,
410 3180 472 3241 per
503 3179 683 3223 censuram
715 3157 982 3222 ecclesiasticam
1012 3159 1130 3223 venire

184 3259 403 3343 compellant,
427 3266 464 3323 et
482 3277 591 3342 usque
616 3258 660 3322 ad
690 3257 962 3321 satisfactionem
988 3258 1130 3340 oondig.

183 3378 279 3437 nam,
305 3377 408 3441 quam
434 3359 471 3421 in
497 3377 557 3422 eos
583 3358 648 3421 rite
672 3356 826 3434 tulerint,
852 3376 922 3420 non
950 3356 1128 3437 relaxent;

186 3459 305 3523 eadem
330 3477 477 3522 censura
502 3457 639 3534 facturi,
662 3475 740 3539 quae
769 3457 805 3519 in
832 3456 953 3519 eodem
976 3457 1128 3538 capitulo

185 3557 431 3621 deliberatione
463 3555 609 3638 provida
633 3555 761 3619 fuerint
787 3554 958 3632 ordinata,
986 3555 1130 3619 firmiter

184 3657 383 3738 observari;
414 3655 579 3720 reddituri
597 3662 669 3719 tam
695 3654 762 3737 ipsi
789 3673 894 3736 quam
919 3654 1128 3732 visitatores,

185 3767 222 3820 et
235 3757 295 3820 alii
314 3756 470 3839 quilibet,
489 3753 669 3818 ministerii
690 3752 853 3830 Domine,
875 3753 911 3816 in
933 3753 1034 3836 quus
1047 3772 1130 3818 con-

185 3863 307 3938 spectu
329 3854 423 3918 nuda
447 3861 529 3918 sunt
554 3853 670 3918 omnia
694 3860 730 3917 et
754 3858 886 3934 aperta,
909 3853 945 3915 iu
973 3860 1129 3917 extremo

186 3955 345 4019 examine
364 3955 554 4034 rationem3
578 3952 639 4016 sed
659 3959 694 4016 et
711 3970 846 4016 omnem
865 3950 1130 4015 sollicitudinem

185 4061 221 4118 et
236 4054 452 4137 diligentiam
477 4053 569 4117 circa
595 4053 840 4115 correctionem
863 4057 899 4113 et
918 4049 1133 4116 reformatio-

185 4172 262 4218 nem
288 4153 418 4217 ordinis
441 4152 484 4217 ad
504 4150 743 4217 visitationem·
755 4149 990 4216 coenobiorum
1016 4151 1133 4215 stude·
