2864 4866
272 398 277 407 ‘
353 395 424 463 284
614 415 749 464 uocaui
773 415 820 463 nu
842 412 1051 464 wnunovmt

193 589 318 690 prma-
354 572 538 656 plurimum
569 573 771 638 damnosam
800 573 910 655 gratis
938 571 1009 651 inii,
1035 571 1071 634 iu
1099 589 1169 652 qua
1198 566 1306 632 etiam

192 690 334 739 mmebrthe
355 674 529 751 convenit,
547 674 651 757 quod,
669 672 734 738 nisi
753 672 815 737 illa
835 693 879 737 ex
895 680 995 756 parte
1014 671 1106 752 regis
1122 669 1205 733 mihi
1224 661 1306 732 ¹ob·

191 739 322 831 ddissn‘ssih‘
354 780 563 851 servaretur,
578 775 694 839 omnia
710 773 850 839 omnino
865 793 911 836 ex
927 779 1028 856 parte
1044 790 1122 834 mea
1135 776 1253 834 essent
1265 770 1303 833 in

354 879 463 951 statu,
486 874 606 956 inquo
626 874 766 938 fuerunt
785 873 1008 938 antedictam
1031 891 1151 955 pacem
1166 870 1304 947 initam,

353 973 525 1052 videlicet,
543 975 632 1057 quod
650 994 716 1056 ego
732 992 841 1038 essem
858 980 959 1037 extra
980 972 1179 1054 homagium
1201 989 1304 1033 sunm

353 1081 389 1138 et
410 1073 583 1139 diffidatus
604 1076 649 1139 ab
671 1094 724 1152 eo,
746 1074 837 1138 sicut
854 1074 951 1156 prius
971 1072 1021 1137 fni
1042 1092 1104 1156 per
1125 1070 1302 1135 dominum

353 1175 551 1258 episcopum
563 1174 829 1253 Meneveusem;
848 1173 951 1251 uude,
966 1192 1043 1236 cum
1058 1172 1129 1236 fere
1139 1172 1176 1236 in
1191 1171 1302 1235 omni·

352 1274 417 1338 bns
431 1274 586 1339 articulis
601 1276 637 1339 in
655 1274 766 1338 forma
781 1274 876 1357 pacis
891 1273 1063 1339 contentis
1078 1271 1251 1349 deficeret,
1261 1271 1303 1334 li·

352 1374 425 1439 cuit
436 1374 532 1454 mihi,
542 1374 649 1459 juxta
663 1375 927 1440 conventionem
939 1392 1064 1451 meam,
1076 1371 1168 1455 quod
1185 1389 1300 1435 meum

354 1481 430 1539 erat
456 1493 658 1558 recuperare
686 1482 723 1539 et
747 1493 850 1558 posse
875 1492 976 1537 sunm
1002 1472 1113 1536 modis
1142 1471 1304 1535 omnibus

351 1574 543 1654 debilitare,
565 1575 714 1639 maxime
731 1594 809 1639 cum
828 1574 871 1638 ad
894 1593 1006 1638 meam
1030 1572 1301 1636 destructionem

352 1680 388 1738 et
404 1674 714 1740 exhaeredationem
729 1683 766 1740 et
780 1675 934 1758 corporis
949 1673 1144 1757 captionem
1159 1671 1305 1736 anhela·

352 1780 426 1855 ret3
454 1782 489 1839 et
506 1775 571 1840 hoc
592 1796 656 1859 pro
678 1782 773 1840 certo
794 1774 910 1851 didici,
938 1786 987 1852 et,
1010 1773 1040 1837 si
1064 1791 1205 1837 necesse
1232 1779 1302 1850 est,

350 1876 497 1957 probare
512 1894 663 1958 possum.
716 1876 775 1954 Et,
791 1875 882 1958 quod
907 1874 1020 1956 magis
1046 1879 1112 1950 est,
1134 1879 1214 1956 post
1239 1892 1304 1954 pa·

351 1994 425 2038 cem
441 1995 504 2059 per
519 1975 592 2039 dies
606 1975 800 2058 quindecim
818 1982 1003 2058 antequam
1014 1972 1180 2038 Walliam
1193 1974 1301 2036 intra-

351 2094 424 2138 rem
446 2082 509 2139 aut
530 2076 574 2140 ab
597 2076 715 2159 aliquo
739 2095 794 2140 me
823 2075 1051 2153 defenderem,
1074 2075 1148 2136 sine
1167 2073 1301 2157 judicio

352 2174 517 2258 spoliavit
541 2195 595 2239 me
619 2177 663 2240 ab
690 2175 801 2241 officio
828 2175 1071 2251 marescalciae,
1101 2173 1193 2256 quod
1220 2172 1301 2256 jure

352 2274 572 2341 haereditario
589 2276 633 2340 ad
650 2296 704 2339 me
721 2277 870 2360 pertinet
886 2282 922 2340 et
937 2275 1088 2358 possedi,
1102 2292 1166 2337 nec
1183 2273 1302 2356 aliquo

354 2377 457 2440 modo
486 2376 529 2440 ad
555 2376 640 2440 illud
666 2396 722 2441 me
753 2377 935 2441 restituere
958 2375 1069 2439 voluit
1090 2374 1301 2457 requisitus3

353 2475 444 2540 unde
474 2483 593 2559 aperte
624 2476 739 2554 didici,
766 2477 859 2561 quod
888 2475 1018 2540 nullam
1047 2493 1168 2557 pacem
1188 2473 1301 2539 voluit

352 2574 436 2638 mihi
458 2577 652 2655 observare,
676 2597 754 2641 cum
778 2583 858 2661 post
874 2594 995 2659 pacem
1023 2575 1173 2639 deterius
1194 2593 1302 2657 quam

352 2683 434 2740 ante
455 2696 510 2741 me
530 2685 779 2760 pertractaret3
803 2677 895 2741 unde
915 2676 1019 2740 homo
1040 2693 1124 2739 snus
1146 2695 1216 2738 non
1238 2673 1300 2752 fni,

352 2775 411 2840 sed
429 2777 473 2840 ab
490 2776 598 2860 ipsius
623 2776 785 2860 homagio
799 2797 862 2861 per
877 2776 989 2860 ipsum
1006 2775 1198 2852 absolutae,
1222 2794 1300 2838 cum

352 2875 397 2940 ad
419 2877 565 2960 primam
591 2877 835 2943 diffidationem
864 2877 1022 2954 redirem,
1044 2875 1151 2960 juxta
1172 2874 1302 2939 dictam

351 2978 629 3055 conventionem,
661 2987 701 3043 ut
725 2978 928 3062 praedictum
960 2982 1024 3041 est.
1076 2974 1304 3058 Quapropter

352 3077 451 3142 licuit
471 3085 507 3142 et
528 3077 609 3143 licet
626 3099 681 3144 me
700 3077 894 3154 defendere,
919 3085 955 3142 et
970 3075 1112 3141 malitiae
1137 3075 1299 3139 consilia·

351 3184 464 3242 torum
497 3197 636 3243 suorum
670 3179 782 3243 modis
809 3178 968 3243 omnibns
994 3175 1157 3241 obviare!
1208 3174 1301 3239 Item

351 3277 470 3342 dicunt
498 3279 686 3343 consiliarii
716 3279 821 3362 regis,
854 3278 939 3342 utile
968 3278 1044 3341 fore
1076 3275 1300 3354 Marescallo,

351 3385 391 3442 ut
407 3396 444 3442 se
462 3385 636 3463 supponat
650 3378 893 3443 misericordiae
912 3377 1000 3462 ejus,
1017 3374 1101 3459 quia
1116 3394 1179 3440 rex
1196 3375 1302 3439 ditior

351 3486 386 3542 et
407 3480 582 3560 potentior
607 3484 682 3559 est;
712 3484 759 3557 et,
784 3480 814 3543 si
846 3477 1076 3542 Mareseallus
1099 3475 1240 3540 confidit
1262 3476 1298 3540 in

351 3578 483 3643 anxilio
509 3579 791 3661 alienigenarum,
817 3598 878 3643 rex
907 3577 950 3642 ad
977 3597 1095 3654 unum,
1116 3595 1218 3659 quem
1239 3575 1300 3639 ille

350 3678 509 3756 adducet,
532 3680 660 3762 poterit
676 3679 846 3743 adducere
867 3685 998 3762 septem
1016 3697 1025 3756 3
1049 3677 1132 3760 quia
1150 3675 1299 3741 offerunt

349 3797 387 3843 se
404 3779 542 3860 quidam
557 3780 804 3862 consanguinei
820 3779 911 3860 regis
925 3778 1140 3859 alienigenae,
1152 3776 1211 3858 qui
1226 3796 1298 3840 non

349 3884 430 3941 sunt
440 3878 534 3942 Scoti
545 3879 600 3944 vel
612 3878 739 3944 Gallici
748 3887 810 3943 aut
818 3879 1027 3956 Walleuses,
1038 3877 1097 3961 qui
1107 3878 1249 3942 venient
1259 3878 1299 3940 in

347 3976 513 4059 Angliam
534 3987 570 4044 et
591 3980 861 4063 suppeditabunt
883 3997 1001 4043 omnes
1027 3977 1183 4042 inimicos
1209 3975 1301 4060 ejus,

383 4181 391 4214 ¹
406 4185 603 4251 otmarum]
625 4181 805 4238 ‘observatur'
816 4185 844 4235 in
855 4185 922 4248 MS„
939 4185 986 4234 but
996 4181 1103 4233 marked
1113 4195 1143 4231 as
1154 4194 1187 4230 an
1197 4193 1277 4232 error.
