2864 4866
381 406 520 455 ruerus
544 405 811 454 ursronrnuuu.
1004 387 1069 452 113

129 642 179 706 De
191 641 329 728 quodam
344 641 477 719 incluso,
486 662 620 728 quaeper
633 639 822 727 septennium
833 661 895 704 non
910 639 1047 704 recudit.

181 766 313 831 Eodem
342 785 445 846 auno,
478 766 514 830 in
556 767 641 830 urbe
674 763 947 848 Legecestrensi,
976 764 1064 829 obiit
1076 780 1200 882 ppo-pu

115 867 233 950 puella
257 867 417 951 quaedam
441 868 576 931 inclusa
600 866 774 949 religiosa,
798 886 876 949 quae
901 885 964 948 per
986 884 1064 948 sep-

116 968 270 1032 tsnnium
302 976 383 1033 ente
412 968 543 1033 obitum
574 966 708 1031 nullum
740 968 878 1032 omnino
907 966 1063 1049 gustavit

116 1068 242 1146 cibum,
272 1069 339 1134 nisi
365 1069 457 1152 quod
485 1067 605 1133 diebus
632 1067 824 1132 Dominicis
852 1067 1005 1150 corporis
1028 1074 1064 1131 et

115 1169 296 1251 sanguinis
318 1169 461 1234 Domini
486 1169 760 1232 communionem
786 1169 943 1251 accepit3
970 1167 1063 1250 quod

115 1268 317 1334 miraculum
346 1289 424 1333 cum
458 1269 502 1333 ad
534 1268 746 1333 audientiam
777 1268 952 1350 Hugonis‚
980 1267 1064 1332 Lin-

115 1368 300 1435 colniensis
320 1371 485 1453 episcopi,
504 1370 730 1453 pervenisset,
750 1368 852 1432 fidem
872 1388 942 1432 nou
963 1368 1062 1432 adhi-

115 1471 191 1535 buit
207 1471 359 1548 veritati,
382 1471 441 1535 sed
465 1470 568 1554 plane
585 1469 782 1534 incredulus
804 1470 887 1534 fecit
903 1488 965 1552 per
987 1469 1060 1534 dies

115 1570 308 1654 quindecim
324 1590 346 1635 a
361 1571 571 1654 presbyteris
589 1578 624 1634 et
639 1569 772 1634 clericis
788 1569 955 1633 inclusam
970 1589 1061 1652 prae·

114 1656 243 1736 dietum
271 1679 369 1736 arcta
396 1672 497 1735 nimis
527 1670 704 1735 observari
733 1669 901 1748 custodia,
933 1690 1060 1754 quous-

115 1792 182 1855 que
210 1780 423 1857 compertum
455 1771 522 1837 fuit
543 1770 640 1835 illam
667 1770 796 1836 intuto
816 1771 962 1835 termino
991 1791 1062 1835 me-

114 1881 249 1939 morato
275 1872 372 1938 nullo
400 1893 497 1938 usam
525 1872 632 1937 fuisse
657 1872 812 1953 corporis
837 1872 1059 1935 nutrimento.

116 1973 256 2039 Faciem
277 1993 415 2058 quoque
443 1993 579 2056 semper
603 1971 725 2036 habuit
748 1979 789 2036 ut
809 1971 918 2035 lilium
945 1972 1060 2035 candi·

114 2074 291 2139 dissimum
308 2094 477 2158 roseoque
494 2074 619 2138 rubore
634 2072 820 2154 perfusam,
835 2070 880 2136 ad
894 2071 1060 2136 indicium

114 2175 289 2259 pudicitiae
306 2182 341 2240 et
357 2175 535 2239 munditiae
551 2172 742 2256 virginalis.

167 2348 255 2430 Quod
266 2349 419 2415 eomitissa
434 2347 671 2414 Sorobiriuub
682 2349 833 2413 maritum
847 2349 1007 2434 respuerit

165 2471 268 2537 Circa
290 2471 354 2537 hos
381 2492 518 2556 quoque
542 2473 616 2537 dias
644 2474 791 2537 relatum
814 2481 867 2538 est
890 2475 965 2556 regi
985 2472 1213 2538 Amaneodoteor

113 2571 261 2655 giorum,
282 2572 496 2638 Willelmum
517 2575 676 2638 comitem
695 2573 993 2651 Saresbirieusem,
1006 2575 1059 2658 ip·
1071 2540 1215 2639 diffidi·

113 2673 186 2738 sius
213 2672 306 2756 regis
334 2673 558 2751 avunculum,
583 2675 665 2738 dum
693 2674 735 2737 de
761 2675 919 2757 partibus
946 2682 1059 2740 trans·

114 2774 257 2838 murinis
294 2773 421 2838 rediret
457 2775 494 2838 in
534 2773 709 2857 Angliam,
749 2775 786 2838 in
826 2776 912 2839 mari
952 2775 1059 2840 fuisse

113 2875 356 2955 submersum
393 2874 466 2952 sed,
496 2894 575 2938 cum
599 2895 663 2939 rex
689 2875 793 2960 hujus
821 2877 871 2939 rei
897 2884 1058 2940 eventum

113 2975 216 3040 nimis
236 2975 381 3041 moleste
401 2975 550 3053 tulisset,
578 2976 724 3040 accessit
746 2975 790 3039 ad
814 2995 892 3039 eum
919 2975 1058 3041 Huber-

114 3085 184 3154 tus,
209 3075 307 3158 regni
329 3076 558 3161 justiciarius,
587 3077 730 3159 exigens
757 3077 801 3140 ab
832 3095 874 3139 eo
904 3084 944 3140 ut
969 3096 1055 3140 uxo·

113 3196 186 3242 rem
212 3176 365 3261 ejusdem
388 3177 556 3242 Willelmi
584 3175 683 3242 daret
711 3176 908 3241 Reimundo
941 3177 1059 3259 nepoti

113 3296 189 3355 suo,
212 3279 268 3343 cui
288 3278 398 3343 honor
420 3279 604 3343 comitatus
628 3276 720 3341 illius
739 3277 818 3360 jure
840 3277 1058 3341 haereditario

113 3378 350 3462 contingebat,
377 3386 416 3443 ut
437 3398 514 3442 eam
534 3379 600 3443 sibi
626 3377 845 3442 matrimonio
868 3377 1057 3460 copularet.

115 3477 195 3543 Rex
220 3487 338 3544 autem
367 3500 444 3544 oum
472 3479 673 3563 petitionem
703 3498 801 3542 suam
830 3479 1008 3542 annuisset
1028 3479 1060 3541 si

113 3586 232 3662 posset
252 3581 462 3645 comitissam
480 3580 641 3644 inducere
662 3578 705 3643 ad
728 3597 944 3656 consensum,
967 3578 1061 3642 misit

113 3679 207 3745 illico
229 3679 445 3765 justiciarius
474 3680 707 3744 Reimuudum
731 3679 915 3763 praefatum
937 3680 981 3742 ad
1003 3699 1061 3742 co-

114 3780 283 3845 mitissam
298 3782 335 3845 iu
351 3783 459 3847 nobili
475 3788 646 3866 apparatu
661 3780 814 3856 militari,
834 3781 864 3842 si
885 3780 996 3862 possit
1016 3779 1060 3843 ad

114 3880 189 3965 ojus
213 3901 364 3947 amorem
385 3883 536 3947 mulieris
556 3882 707 3945 animum
733 3880 909 3945 inclinare.
956 3879 1061 3944 Cum·

114 4000 182 4064 que
203 4001 281 4046 eam
306 3982 522 4048 Reimuudus
545 3989 754 4047 memoratus
776 3981 912 4046 blandis
935 4000 1063 4044 sermo·

116 4082 218 4147 nibus
250 4090 286 4147 et
309 4084 593 4166 promissionibus
620 4083 755 4165 magnis
786 4081 831 4145 ad
858 4101 1063 4146 consensum

117 4182 255 4247 trahere
274 4192 469 4263 conaretur,
485 4185 547 4249 illa
563 4205 642 4250 cum
660 4183 897 4267 indignatione
913 4182 1065 4248 maxima

169 4276 250 4349 'von
267 4299 315 4350 ιν.
904 4300 916 4348 ι
