2864 4866
335 391 401 458 196
591 411 726 460 nocnru
750 411 797 458 un
820 407 1027 458 wunuovnrr

176 584 233 630 au.
243 583 301 624 1229.
338 588 401 654 per
439 566 693 650 aliquantulum
732 568 898 651 temporis
940 567 1091 650 spatium
1132 563 1289 647 profanis

339 667 495 752 gentium
515 668 639 731 ritibus
660 668 830 745 ancillari,
855 687 960 751 quam
983 666 1062 730 illos
1082 665 1211 729 diutius
1226 664 1290 727 do-

342 788 430 845 rere,
449 787 536 850 quos
559 768 603 830 ab
622 766 754 831 illicitis
777 768 905 832 nullius
925 766 1118 831 honestatis
1137 783 1292 846 compes-

340 869 446 932 cebat
467 874 655 949 respectus.
708 867 814 931 Hanc
834 874 949 931 autem
967 866 1093 931 futurae
1120 863 1291 928 demoliti·

343 968 422 1031 onis
452 967 653 1030 instantiam
686 985 788 1030 casus
824 966 1121 1048 praenosticabaut
1152 963 1293 1038 diversi,

342 1067 455 1130 <fames
480 1065 612 1130 scilicet
630 1065 758 1143 valida,
776 1072 877 1130 terrae
898 1073 1013 1129 motus
1030 1065 1203 1147 frequens,
1221 1069 1293 1126 tam

344 1167 438 1230 lunae
456 1167 559 1230 etiam
578 1185 681 1247 quam
698 1166 822 1230 solaris
839 1165 1013 1241 defectus3
1039 1164 1099 1228 sed
1117 1171 1152 1228 et
1168 1170 1294 1227 ventus

345 1266 405 1329 ille
424 1265 573 1342 validuS,
594 1285 694 1347 quem
715 1264 757 1329 de
779 1266 997 1348 planetarum
1021 1283 1191 1328 concursu
1215 1282 1293 1326 cum

347 1365 560 1429 mortalitate
587 1372 622 1428 et
647 1365 736 1428 aeris
763 1366 966 1447 intemperie
991 1363 1179 1429 astronomi
1201 1362 1297 1426 Tho-

347 1465 456 1528 letani
479 1484 523 1527 ex
547 1463 726 1528 stellarum
748 1465 962 1547 inspectione
981 1463 1296 1547 pronuntiaverant

348 1564 515 1640 futurum,
534 1564 570 1626 in
589 1563 692 1647 hujus
710 1565 760 1628 rei
778 1565 1065 1645 significationem
1088 1562 1209 1646 procul
1230 1562 1296 1625 du-

348 1664 407 1727 bio
423 1669 655 1727 commutatus
671 1664 856 1744 migravit3
879 1684 960 1728 vere
974 1664 1065 1728 enim
1080 1669 1205 1728 ventus
1223 1668 1300 1725 erat

351 1761 499 1840 validus,
523 1762 582 1845 qui
606 1770 755 1844 quatuor
782 1764 900 1827 mundi
928 1764 1083 1828 cardines
1114 1763 1300 1838 concussit,

352 1880 394 1927 ac
428 1863 544 1926 orbem
577 1862 776 1927 universum
807 1883 852 1927 ex
884 1864 1046 1945 gentibus
1076 1862 1299 1926 excitandum

352 1962 389 2025 in
412 1961 598 2026 seditiones
620 1969 655 2027 et
674 1963 798 2046 praelia
819 1983 860 2026 ac
879 1970 981 2028 terrae
1003 1962 1300 2027 sanctae-exitium

352 2062 644 2146 praemonstravit.
690 2062 825 2127 Mansit
842 2070 957 2128 autem
973 2064 1036 2126 sub
1053 2068 1228 2146 potestate
1245 2062 1300 2124 in-

353 2161 531 2225 imicorum
560 2161 689 2226 Christi
719 2162 843 2226 civitas
870 2171 992 2229 sancta
1018 2162 1240 2226 Hierusalem
1266 2168 1302 2225 et

354 2267 448 2324 terra
463 2261 701 2343 promissionis
717 2268 804 2338 tota,
820 2281 898 2325 cum
913 2262 1051 2328 vivifica
1062 2281 1164 2326 cruce
1178 2261 1301 2324 Domi·

356 2360 446 2437 nica,
470 2380 533 2443 per
554 2379 663 2425 annos
684 2362 916 2444 quadraginta
935 2362 1035 2439 duoS,
1057 2361 1221 2444 usquein
1238 2379 1302 2423 an-

354 2478 436 2522 uum
454 2467 672 2541 praesentem,
690 2461 750 2543 qui
770 2470 823 2527 est
838 2464 881 2526 ab
898 2461 1136 2525 incarnatione
1159 2459 1303 2523 Domini

355 2557 558 2622 millesimus
575 2559 830 2624 ducentesimus
845 2561 1028 2625 vicesimus
1051 2579 1175 2638 nonus,
1190 2579 1302 2641 quan·

355 2656 400 2721 do
424 2659 520 2722 venit
535 2666 671 2741 tempus
693 2660 875 2724 miserendi
893 2659 1046 2736 Domini,
1062 2666 1101 2722 ut
1117 2658 1305 2742 respiceret

355 2757 391 2819 in
417 2758 591 2822 orationes
618 2757 797 2822 humilium
827 2767 863 2824 et
886 2759 1110 2824 reaedificaret
1132 2759 1239 2842 Syou,
1263 2766 1303 2822 ut

355 2855 530 2921 videretur
551 2857 587 2921 in
608 2857 720 2940 gloria
740 2876 817 2934 sua,
834 2859 870 2920 in
892 2858 969 2922 loco
990 2858 1151 2923 videlicet
1172 2866 1303 2922 sanctae

357 2955 563 3034 nativitatis,
579 2956 750 3041 passionis
768 2964 803 3020 et
817 2959 1075 3022 resurrectionis
1092 2978 1176 3033 suae,
1192 2965 1227 3021 et
1241 2978 1304 3022 au-

357 3055 447 3119 diret
469 3056 618 3136 gemitus
645 3057 916 3139 compeditorum
942 3064 977 3121 et
997 3057 1192 3122 absolveret
1214 3058 1304 3122 filios

355 3162 623 3237 peremptorum.
675 3154 769 3221 Vere
797 3165 832 3221 et
854 3159 984 3240 absque
1014 3158 1107 3221 omni
1135 3158 1305 3239 ambigui-

358 3260 431 3318 tate
450 3255 585 3319 audivit
606 3255 777 3320 Dominus
801 3258 950 3339 gemitus
973 3244 1244 3340 compeditorum
1266 3259 1304 3321 in

347 3355 424 3418 -hac
446 3355 665 3420 restitutione
686 3364 788 3420 terrae
811 3365 954 3434 sanctae,
977 3377 1056 3439 quoe
1080 3357 1159 3421 istis
1184 3358 1305 3423 diebus

357 3454 452 3518 facta
473 3461 526 3518 est
547 3473 609 3537 per
630 3454 844 3537 diligentiam
870 3457 1087 3540 imperatoris
1118 3456 1304 3535 Frederici,

358 3561 567 3634 cooperante
595 3553 777 3619 clementia
802 3554 941 3636 divina3
972 3557 1053 3619 dum
1080 3577 1142 3639 per
1165 3564 1304 3638 pactum

358 3654 449 3716 inter
476 3653 587 3735 ipsum
624 3654 778 3718 habitum
803 3662 847 3719 'et
874 3655 1079 3739 Babyloniae
1116 3655 1305 3720 Soldanum

359 3771 478 3815 omnes
503 3753 645 3836 captivi,
668 3752 728 3835 qui
752 3761 852 3818 erant
874 3755 911 3820 in
937 3756 1141 3838 paganismo
1167 3774 1305 3838 compe-

360 3848 423 3912 diti
456 3858 490 3914 et
514 3853 558 3915 ad
583 3852 752 3917 vilissima
777 3854 940 3936 quaelibet
964 3855 1141 3920 servitutis
1177 3873 1306 3934 genera

359 3946 500 4024 addicti,
523 3951 625 4014 modo
642 3971 663 4015 a
678 3952 767 4035 jugo
789 3954 966 4018 servitutis
986 3954 1122 4018 liberati
1136 3963 1307 4018 venerunt

359 4046 396 4108 in
416 4054 572 4111 sanctam
589 4050 765 4114 civitatem
779 4052 1000 4118 Hierusalem
1019 4060 1054 4118 et
1071 4062 1308 4136 apparuerunt

359 4145 489 4222 multis,
505 4153 552 4224 et,
563 4147 665 4212 sactis
679 4150 893 4216 orationibus
906 4153 941 4216 in
957 4153 1043 4217 locis
1053 4153 1306 4218 venerabilibus
