2864 4866
183 613 238 653 ab.
250 613 306 651 12²³.

184 664 281 703 Mirecler
290 666 312 702 at

183 714 312 754 Bromholm.

344 418 388 482 90
594 435 727 482 nocnru
751 435 798 480 nn
823 431 1031 480 wnuuovnn

345 611 407 674 per
429 599 510 655 ante
532 592 630 655 illum
652 612 674 655 a
696 590 893 674 patriarcha
916 598 950 656 et
973 589 1144 672 episcopis
1170 589 1295 653 deserti

346 700 610 769 consueverant,
633 693 904 776 quotiescunque
929 690 1111 755 adversum
1137 690 1295 753 inimicos

345 794 457 856 crucis
481 793 638 876 praelinm
663 793 908 856 commissurus
933 791 1099 875 perrexit,
1126 791 1192 854 hac
1220 790 1294 853 vice

344 901 484 974 portare
514 892 681 975 neglexit,
709 893 801 977 quod
830 891 947 956 eodem
980 891 1035 955 die
1057 892 1295 973 experimento

345 993 534 1058 miserrimo
562 995 783 1074 recognovit3
820 1011 912 1069 nam,
943 992 1025 1055 dum
1056 999 1184 1055 temere
1216 1009 1294 1053 cum

346 1095 500 1158 exercitu
527 1094 675 1171 modico,
702 1113 771 1156 non
799 1092 917 1156 habito
946 1099 1105 1174 respectu
1132 1091 1175 1154 ad
1205 1091 1293 1154 mul-

345 1194 527 1258 titudinem
565 1195 801 1270 barbarorum,
842 1192 901 1274 qui
938 1193 975 1255 in
1016 1192 1161 1274 decuplo
1194 1211 1293 1254 exer·

345 1294 430 1358 citui
447 1314 510 1357 suo
528 1293 865 1377 superabundabant,
882 1293 919 1356 in
937 1293 1054 1356 hostes
1071 1291 1240 1375 prorupit,
1258 1292 1294 1354 in

345 1402 517 1458 momento
547 1401 620 1458 tam
646 1395 720 1476 ipse
748 1395 937 1477 imperator
962 1412 1066 1475 quam
1094 1399 1188 1456 totus
1216 1391 1293 1474 ejus

346 1493 520 1557 exercitus
542 1496 586 1557 ab
602 1495 750 1559 inimicis
766 1493 933 1558 Crucifixi
950 1492 1200 1557 circumvallati
1221 1511 1295 1556 om·

345 1613 406 1656 nes
431 1600 493 1657 aut
519 1594 689 1659 interfecti
712 1601 794 1657 sunt
820 1602 882 1657 aut
903 1595 938 1657 in
964 1594 1201 1676 captivitatem
1227 1591 1289 1655 ad·

344 1693 459 1771 ducti;
489 1681 595 1776 pauci·
613 1714 750 1777 quoque
773 1714 816 1757 ex
839 1695 999 1758 omnibus
1016 1693 1075 1776 qui
1094 1692 1292 1774 perfugam

345 1793 454 1876 clapsi
484 1801 577 1871 sunt,
608 1794 651 1858 de
677 1795 887 1877 imperatore
916 1793 997 1877 qnid
1027 1800 1141 1856 actum
1166 1793 1212 1856 sit
1236 1793 1292 1856 vel

344 1914 414 1975 quo
437 1894 625 1972 devenerit,
646 1895 784 1979 penitus
801 1895 1021 1976 ignorabant.
1072 1894 1158 1958 Erat
1174 1900 1290 1957 autem

344 2013 386 2057 ea
417 2001 622 2076 tempestate
654 1995 853 2078 capellanus
886 1993 1025 2077 quidam
1058 1994 1197 2057 natione
1218 1992 1294 2057 An-

344 2095 467 2176 glicus‚
486 2096 546 2177 qui
567 2097 602 2158 in
622 2095 756 2178 capella
777 2094 995 2177 imperatoris
1013 2114 1090 2158 cum
1107 2095 1178 2158 suis
1192 2093 1293 2158 cleri-

344 2195 393 2257 cis
416 2195 534 2260 divina
557 2195 744 2260 celebravit
766 2195 942 2278 mysteria,
965 2196 1023 2276 qui
1047 2213 1140 2258 unus
1162 2195 1228 2257 fuit
1245 2214 1289 2258 ex

344 2296 545 2359 custodibus
580 2296 801 2378 reliquiarum
829 2302 864 2359 et
894 2295 1098 2358 annulorum
1130 2295 1293 2357 aliarum·

345 2413 412 2475 que
439 2415 552 2485 rerum
578 2395 661 2458 dicti
689 2395 916 2478 imperatoris.
971 2395 1040 2458 Hic
1070 2395 1188 2477 itaque
1214 2413 1292 2458 cum

345 2513 463 2557 casum
482 2495 702 2576 cognovisset
716 2494 758 2558 de
779 2502 900 2571 morte,
925 2501 963 2558 ut
983 2514 1102 2558 omues
1127 2495 1294 2576 praedica-

345 2594 440 2671 bant,
463 2594 592 2657 domini
615 2595 669 2659 sui
694 2595 924 2677 imperatoriS,
949 2595 992 2657 ab
1017 2595 1101 2658 urbe
1119 2594 1291 2659 Constan-

346 2694 576 2776 tinopolitano
606 2714 684 2758 cum
714 2694 814 2759 dictis
847 2695 999 2776 reliquiis
1031 2702 1066 2758 et
1091 2695 1228 2758 annulis
1258 2703 1294 2759 et

345 2795 447 2857 rebus
462 2795 539 2858 aliis
555 2795 684 2872 multis,
700 2815 777 2858 cum
799 2795 971 2877 lapidibus
994 2795 1166 2877 pretiosis,
1182 2795 1304 2866 latens

345 2901 399 2957 ter
422 2895 584 2960 recedens
609 2895 652 2960 ad
678 2893 843 2975 Angliam
868 2915 978 2978 usque
1002 2895 1171 2978 pervenit,
1196 2897 1292 2959 veni-

345 3014 474 3077 ensque
490 2996 534 3058 ad
550 3003 709 3060 sanctum
724 2994 899 3060 Albanum
922 2997 1060 3060 cuidam
1079 2995 1205 3059 ibidem
1222 3014 1293 3060 mo-

345 3095 455 3158 nacho
472 3097 644 3178 quandam
661 3116 797 3160 crucem
814 3103 1013 3177 argenteam
1028 3104 1063 3160 et
1079 3095 1293 3173 deauratam,

344 3215 422 3258 cum
431 3197 565 3260 duobus
575 3197 693 3278 digitis
705 3196 748 3260 de
761 3204 883 3260 sancta
896 3197 1098 3277 Margareta
1107 3204 1142 3260 et
1154 3196 1293 3260 annulis

344 3297 457 3359 aureis
480 3297 721 3379 lapidibusque
742 3297 915 3379 pretiosis,
931 3296 1097 3371 vendidit,
1121 3316 1199 3380 quae
1222 3316 1293 3361 om·

344 3397 403 3459 nia
418 3398 562 3461 nuncin
585 3399 796 3461 monasterio
820 3399 932 3461 sancti
949 3396 1078 3460 Albani
1101 3397 1137 3460 iu
1164 3415 1293 3479 magna

344 3497 564 3560 veneratione
586 3496 779 3574 habentur3
808 3497 930 3561 deinde
953 3497 1065 3561 dictus
1091 3496 1292 3579 capellanus

343 3595 385 3657 dc
401 3597 552 3660 mantica
568 3616 632 3660 sua
648 3596 823 3680 quandam
845 3617 980 3661 crucem
1002 3597 1152 3679 ligneam
1175 3605 1291 3662 extra·

343 3694 427 3758 bens
450 3698 603 3762 ostendit
620 3717 696 3761 eam
718 3697 923 3780 quibusdam
945 3697 1134 3775 monachis,
1156 3696 1199 3760 de
1223 3718 1292 3780 qua

343 3795 447 3859 etiam
465 3795 649 3862 affirmavit
662 3819 740 3862 cum
760 3797 956 3881 juramento
979 3799 1070 3881 quod
1096 3799 1293 3864 indubitan-

343 3903 395 3957 ter
412 3904 487 3960 erat
506 3917 552 3961 ex
569 3899 664 3980 ligno
688 3898 761 3976 illo,
778 3897 814 3960 in
832 3918 899 3981 quo
917 3899 1080 3963 Salvator
1095 3899 1214 3963 mundi
1230 3920 1292 3981 pro

260 4001 263 4006 '
341 3995 575 4079 redemptione
599 3999 734 4080 generis
756 3998 898 4062 humani
920 4000 1095 4081 pependit,
1118 3999 1191 4078 sed,
1209 4000 1292 4082 quia

342 4116 411 4158 non
434 4098 638 4163 credebatur
660 4099 760 4163 dictis
783 4099 858 4182 ejus
880 4099 1017 4177 ibidem,
1041 4101 1183 4165 recessit
1199 4100 1291 4177 inde,

342 4195 540 4263 thesaurum
571 4200 846 4282 impretiabilem,
875 4200 956 4265 licet
977 4201 1147 4284 ignotum,
1174 4220 1290 4265 secum
