2864 4866
404 427 544 476 recens
567 426 837 477 ersronmnon.
1028 414 1094 479 135

146 608 207 672 per
242 587 469 671 promissione
500 607 565 652 sua
596 587 757 653 fiduciam
790 589 957 655 habentes
988 587 1229 653 etdeA·1³·122⁶·

145 687 266 752 fraude
296 687 383 751 nihil
411 688 590 753 sinistrum
619 690 848 772 suspicantes,
878 690 943 753 sub
974 688 1092 753 condi·

147 789 240 854 tione
279 787 457 872 praedicta,
497 789 654 872 praestito
691 790 853 873 utrinque
879 791 1092 875 juramento,

145 897 388 955 concesserunt
408 889 526 972 legato
550 909 628 953 cum
656 890 812 973 praelatis
834 891 1036 974 simpliciter
1057 898 1092 954 et

146 1010 264 1054 eorum
286 989 435 1074 sequelis
450 990 644 1072 ingressum
660 992 780 1071 urbis;
804 1010 891 1073 quos
905 990 1034 1067 dolose,
1053 998 1093 1055 ut

147 1091 373 1174 praelocutum
388 1089 514 1168 suerat,
529 1090 755 1174 Francigenae
769 1091 899 1174 apertis
910 1090 1031 1175 januis
1043 1092 1094 1155 vi·

147 1191 278 1256 eleuter
298 1193 560 1273 subsequentes,
581 1198 697 1275 spreto
720 1192 867 1274 turpiter
883 1191 1093 1275 juramento,

147 1293 241 1357 cives
256 1312 260 1317 ·
275 1297 441 1375 ceperunt
469 1298 505 1355 et
531 1310 591 1355 eos
619 1291 766 1356 vinculis
799 1291 1093 1369 constrinxerunt,

147 1399 184 1457 et
203 1391 359 1457 dolosam
383 1392 435 1456 sic
461 1390 578 1474 adepti
598 1391 778 1457 victoriam
806 1391 1028 1457 nobilissimae
1046 1393 1094 1456 ci·

149 1493 269 1558 vitatis
296 1499 408 1557 turres
439 1500 475 1556 et
494 1493 624 1556 moenia
646 1492 900 1575 confregerunt
963 1491 1093 1556 Novis·

148 1594 233 1659 sime
255 1612 339 1658 vero
365 1593 514 1674 legatus,
537 1592 679 1658 civitate
706 1595 771 1657 sub
799 1592 1012 1657 Francorum
1034 1592 1094 1656 de-

148 1701 272 1778 putata
299 1693 468 1771 custodia,
491 1693 607 1757 soluta
632 1692 821 1770 obsidione,
848 1713 973 1776 corpus
1002 1693 1094 1775 regis

148 1793 301 1859 defuncti
323 1812 402 1858 cum
430 1793 654 1876 praelatorum
672 1794 822 1858 tumultu
843 1793 999 1858 Parisius
1016 1793 1094 1877 jus·

149 1896 196 1959 sit
216 1893 353 1970 deferri,
379 1900 416 1959 et
437 1895 473 1958 iu
499 1894 647 1976 collegio
673 1902 930 1958 antecessorum
953 1907 1094 1957 suorum

149 2015 243 2060 more
283 1993 366 2059 fecit
397 1994 493 2077 regio
534 1994 684 2078 sepeliri.
754 1993 849 2059 Obiit
880 2002 994 2059 autem
1032 2014 1093 2058 rex

150 2114 266 2161 mense
294 2094 499 2177 Septembri,
522 2103 562 2160 ut
583 2095 714 2171 dicunt,
737 2095 836 2179 cujus
862 2102 1008 2159 mortem
1034 2114 1097 2177 per

150 2214 313 2272 mensem,
331 2202 368 2258 et
382 2214 424 2258 eo
441 2195 600 2278 amplius,
616 2195 827 2259 celaverunt.
872 2195 928 2258 De
946 2194 1015 2257 illis
1033 2212 1096 2258 eu·

151 2302 232 2374 tem
252 2295 312 2378 qui
333 2294 378 2358 ad
402 2295 613 2360 obsidionem
630 2315 707 2359 cum
730 2315 811 2376 rege
827 2301 1006 2372 venerunt,
1024 2301 1096 2357 tam

151 2395 194 2460 de
216 2394 409 2460 interfectis
435 2401 471 2459 et
489 2395 524 2458 in
544 2395 685 2459 flumine
709 2396 906 2472 submersis,
929 2413 1033 2477 quam
1055 2395 1098 2458 de

151 2495 349 2580 pestilentia
384 2502 421 2559 et
450 2502 562 2559 morte
594 2495 767 2560 communi
803 2495 985 2572 defunctio,
1019 2495 1099 2579 plus

153 2616 258 2681 quam
279 2594 404 2678 viginti
431 2594 500 2659 duo
526 2595 634 2660 millia
656 2596 833 2678 perierunt
857 2594 995 2672 ibidem,
1020 2595 1100 2659 liliis

153 2705 189 2762 et
214 2696 383 2762 uxoribus
416 2695 669 2780 lachrymarum
705 2715 847 2761 causam
875 2702 911 2760 et
933 2697 1098 2777 gemitum

154 2797 406 2880 relinquentes3
439 2795 532 2861 unde
560 2796 742 2880 perspicue
770 2802 931 2861 constare
952 2795 1100 2874 videtur,

154 2896 281 2962 bellum
302 2896 430 2980 injuste
454 2896 562 2960 fuisse
591 2903 802 2979 susceptum,
824 2897 861 2960 in
885 2915 954 2978 quo
976 2916 1099 2960 concu-

155 2997 326 3081 piscentia
346 2996 458 3078 magis
481 2997 625 3074 exarsit,
643 3015 747 3079 quam
769 2995 1013 3061 exterminium
1029 2996 1101 3061 hee·

154 3097 271 3164 reticeo
292 3097 486 3180 pravitatis.

203 3271 253 3336 Do
268 3269 460 3337 coronatione
475 3269 646 3434 Ιιοᾱθνῖιὲ,
661 3271 740 3357 repis
754 3270 965 3345 Focaeorum,
972 3267 1044 3352 filii

543 3371 574 3434 L
632 3371 716 3435 coici.

207 3496 383 3560 Defuncto
412 3493 531 3575 itaque
559 3494 770 3559 Francorum
801 3513 882 3576 rege
909 3494 1243 3572 Lodowico,0010nuen

157 3595 277 3677 regina
299 3595 375 3679 ejus
394 3593 533 3658 domina
555 3594 688 3659 Blanca
703 3595 785 3659 lecit
799 3613 989 3660 convocare
1006 3615 1106 3676 gene-
1118 3570 1258 3612 ΜΝ·

156 3696 276 3760 taliter
300 3693 588 3777 archiepiscopos,
611 3696 803 3779 episcopos,
826 3701 862 3758 et
885 3695 972 3759 alios
998 3696 1107 3760 eccle-

157 3796 286 3860 siamm
308 3794 472 3878 praelatos
495 3813 572 3858 curn
595 3797 814 3878 magnatibus
830 3815 993 3860 coronam
1008 3815 1108 3879 spoc-

157 3897 324 3974 tentibus,
334 3895 536 3960 utvenirent
544 3895 588 3958 ad
599 3896 1037 3962 coronationemLodowici
1047 3896 1108 3960 filii

157 3997 211 4060 sui
228 4004 264 4060 et
277 3996 369 4079 regis
390 3993 546 4060 defuncti
560 3994 715 4060 Parisius
729 3996 837 4080 pridie
853 3995 1020 4060 kalendas
1038 3997 1109 4060 De-

158 4095 315 4162 cembris.
361 4094 430 4159 Sed
442 4113 524 4177 pars
542 4097 695 4161 maxima
706 4098 911 4183 optimatum
923 4096 1109 4161 antediem

160 4196 342 4281 praefixum
375 4196 550 4278 petierunt
582 4196 624 4262 de
651 4198 899 4266 consuetudine
927 4197 1111 4262 Gallicana
