2864 4866
375 397 514 448 rnonns
537 398 807 448 nrs‘ronmauu.
1002 383 1069 448 313

116 559 205 622 inter
222 578 309 641 quos
332 557 459 623 Petrus
481 558 524 621 de
547 557 696 623 Rivallis
715 557 854 641 primus
873 556 911 620 in
928 577 1067 622 causam
1082 568 1204 610 1111284·

116 666 261 723 vocatus
287 659 449 741 apparuit
468 677 584 722 coram
610 677 691 740 rege
714 658 750 719 in
773 657 895 720 habitu
916 656 1069 721 clericali

117 778 195 821 cum
216 763 368 822 ‚tonsura
396 766 431 822 et
456 758 530 820 lata
561 776 702 833 corona,
735 776 836 839 quem
874 763 1070 820 reverenter

118 857 298 934 salutavit,
327 877 405 922 cum
432 857 636 941 justiciariis
669 857 705 919 in
741 857 853 919 banco
882 856 1069 920 sedentem.

120 956 231 1035 Quem
253 976 316 1021 rex
341 964 441 1020 torvo
467 956 655 1037 respiciens
681 956 793 1032 oculo,
818 958 871 1021 ‘0
894 955 1070 1037 proditor‚'

118 1057 244 1139 inquit,
273 1062 361 1139 ‘per
391 1056 547 1137 iniquum
575 1054 757 1132 consilium
792 1062 887 1119 tuum
919 1055 1071 1135 sigillum

121 1175 233 1219 meum
256 1156 421 1238 ignorans
443 1155 590 1239 apposni
610 1154 647 1218 in
672 1154 782 1218 literis
809 1155 852 1218 de
877 1153 1071 1236 proditione

120 1255 256 1319 comitis
282 1254 501 1334 Marescalli;
528 1273 589 1337 per
617 1261 770 1318 vestrum
794 1254 898 1317 etiam
927 1272 1069 1335 pravum

121 1354 302 1417 consilium
322 1355 436 1436 ipsum
459 1361 495 1418 et
512 1354 599 1418 alios
623 1353 666 1416 do
690 1373 797 1433 regno
818 1372 894 1416 meo
916 1352 1072 1416 homines

121 1454 297 1517 naturales
319 1454 461 1517 exulari
486 1460 654 1517 eteorum
677 1453 811 1516 animos
830 1471 852 1515 a
866 1472 920 1515 me
942 1452 1073 1534 pariter

122 1558 157 1616 et
178 1570 330 1616 amorem
359 1551 489 1631 averti3
530 1571 591 1635 per
617 1570 763 1633 pravum
789 1551 969 1614 consilium
994 1571 1072 1614 ves·

123 1659 216 1714 trum
242 1670 401 1734 guerram
423 1658 545 1715 contra
567 1651 646 1715 illos
669 1651 774 1727 movi,
795 1670 857 1732 per
876 1669 980 1732 quam
997 1650 1072 1715 tho-

124 1769 265 1814 sanrum
287 1770 401 1814 meum
421 1759 457 1815 et
471 1750 645 1815 hominum
662 1769 815 1814 meorum
832 1750 973 1814 divitias
990 1769 1072 1815 con-

116 1850 279 1932 sumpsi?
333 1850 462 1933 Exegit
477 1850 578 1914 abeo
595 1857 763 1933 praetcrea
777 1869 840 1913 rex
855 1851 1073 1914 ratiocinium

126 1949 169 2012 de
184 1950 348 2014 thesauro
367 1969 431 2014 suo
452 1958 488 2015 et
506 1949 673 2014 custodiis
697 1968 882 2030 puerorum
908 1949 1073 2013 nobilium

126 2055 161 2112 et
191 2048 441 2126 eschaetarum,
472 2069 550 2113 cum
581 2048 659 2112 aliis
689 2047 915 2129 proventibus
944 2048 1074 2125 multis,

118 2167 204 2230 -quae
230 2149 273 2212 ad
300 2168 462 2213 coronam
488 2149 701 2231 spectabant.
755 2145 911 2229 Cumque
937 2146 1011 2210 haec
1039 2153 1075 2211 et

126 2247 196 2310 alia
210 2248 319 2311 multa
333 2267 396 2311 rex
410 2249 454 2311 ab
472 2268 512 2312 co
535 2248 598 2310 sub
617 2245 822 2329 proditionis
843 2244 981 2309 nomine
996 2264 1074 2308 exe-

126 2347 246 2426 gisset,
275 2345 357 2409 nihil
386 2348 524 2410 omnino
546 2346 589 2409 de
611 2345 756 2430 objectis
782 2345 848 2407 sibi
876 2343 1075 2407 criminibus

128 2446 280 2527 negavit,
302 2445 363 2508 sed
386 2464 500 2509 coram
524 2463 606 2526 rege
627 2445 663 2507 in
685 2454 813 2508 terram
835 2462 998 2508 corruens
1015 2463 1077 2526 per

128 2543 202 2607 haec
220 2546 327 2609 verba
343 2546 419 2628 ejus
438 2543 707 2609 misericordiam
731 2543 952 2626 imploravit;
979 2543 1075 2605 ‘Do-

128 2644 219 2707 mine
242 2644 328 2720 rex‚'
350 2644 475 2725 inquit,
503 2643 672 2707 ‘nutritus
699 2661 775 2705 sum
805 2662 827 2706 a
853 2643 952 2707 vobis
980 2640 1077 2705 etin

128 2743 227 2807 bonis
254 2742 501 2825 temporalibus
532 2743 629 2806 dives
660 2741 785 2819 factuS,
815 2760 859 2804 ne
887 2739 1077 2806 confundas

122 2840 302 2906 *hominem
315 2861 417 2924 quem
435 2842 582 2920 creasti3
605 2840 666 2904 sed
681 2839 830 2905 concede
852 2840 974 2904 saltem
992 2847 1078 2903 tem-

129 2961 194 3023 pus
216 2941 439 3018 deliberandi,
454 2948 494 3004 ut
506 2941 667 3004 derebus
689 2939 823 3002 exactis
845 2945 1079 3019 competenter

131 3042 229 3104 vobis
246 3041 380 3106 valeam
398 3040 539 3104 reddere
556 3034 746 3102 rationem!
798 3036 865 3100 Cui
882 3056 957 3113 rex,
972 3036 1079 3099 ‘Mit-

131 3148 202 3204 tam
222 3147 258 3203 te
281 3140 317 3202 in
339 3140 460 3202 turrim
482 3138 751 3213 Londoniarnm,
772 3143 812 3199 ut
829 3135 876 3200 ibi
899 3135 1078 3212 deliberes,

131 3239 240 3302 donec
272 3237 356 3301 mihi
387 3238 584 3302 satisfacias
614 3234 869 3318 competenter.'
920 3233 976 3298 Ad
1006 3233 1080 3297 haec

132 3337 270 3414 Petrus,
286 3337 468 3414 ‘Domine,
484 3337 629 3401 clericus
651 3335 753 3412 snm,'
774 3333 899 3414 inquit,
913 3338 923 3367 ‘
936 3352 999 3396 nec
1021 3333 1080 3396 de·

132 3438 196 3500 bec
218 3437 424 3501 incarcerari
446 3436 501 3500 vel
523 3436 587 3498 sub
608 3435 774 3498 laicorum
794 3432 951 3496 custodia
973 3432 1081 3513 depu-

126 3535 224 3600 -tari.'
275 3535 470 3618 Respondit
493 3555 568 3611 rex,
586 3535 700 3598 ‘Ecce
721 3550 874 3615 praesens
895 3539 950 3596 est
971 3530 1082 3594 archi-

132 3637 329 3718 episcopus
352 3635 411 3716 qui
434 3635 464 3697 si
483 3653 546 3717 pro
566 3640 600 3697 te
622 3632 808 3715 fidejubere
830 3631 990 3708 voluerit,
1009 3637 1081 3694 tra·

134 3736 212 3799 dam
235 3741 271 3798 te
293 3733 356 3810 illi,
382 3740 422 3797 ut
448 3733 531 3796 mihi
556 3730 749 3796 satisfaciat
775 3731 818 3794 de
842 3730 1082 3794 exactionibus

135 3832 366 3917 supradictis?
418 3831 469 3895 Ut
498 3832 609 3921 igitur
634 3831 785 3895 breviter
812 3830 959 3908 dicatur,
989 3831 1084 3894 misit

135 3954 211 3997 eum
235 3953 298 3997 rex
321 3932 357 3995 in
381 3931 467 3995 turri
489 3936 692 4007 memorata,
719 3930 891 4011 accipiens
914 3930 948 3992 in
978 3947 1083 3991 manu

134 4052 199 4097 sua
230 4052 348 4096 omnes
375 4031 483 4095 laicas
515 4031 749 4112 possessiones
783 4029 870 4112 ejus
902 4030 984 4111 quia
1018 4028 1083 4090 sub

135 4133 255 4196 habitu
278 4131 426 4196 clericali
450 4131 558 4193 lorica
585 4137 659 4193 erat
682 4137 848 4206 armatus
872 4128 962 4208 quod
986 4127 1085 4190 cleri·
