2864 4866
449 424 589 473 enonas
612 426 882 476 nrsronnrnuu.
1071 415 1138 479 309

131 648 137 660 ⁸
187 589 353 664 cupantes
378 583 469 646 inter
493 601 531 646 se
554 583 758 663 diviserunt,
785 587 874 650 sicut
901 587 950 650 eis
977 608 1039 671 per
1061 608 1136 654 car·
1147 609 1203 648 un.
1214 610 1270 648 12³⁴.

186 688 258 744 tam
278 683 371 763 regis
392 682 531 747 fuerant
550 683 765 764 confirmata,
787 686 1061 768 possessionibus
1081 689 1134 752 in·

185 782 395 846 cumbentes.

271 954 360 1034 Quod
374 977 472 1019 omoes
486 955 606 1020 cochei
622 956 783 1041 adparere
798 958 879 1043 repis
895 968 1048 1023 uenerunt.

236 1078 305 1142 Per
320 1078 530 1143 idem‘etiam
547 1086 695 1162 tempus,
708 1088 789 1162 post
803 1079 1008 1146 Paschalem
1024 1085 1133 1148 solen·
1146 1107 1281 1156 ruopper-

187 1177 341 1255 nitatem,
363 1198 438 1242 cum
466 1198 527 1242 rex
550 1176 743 1260 Anglorum
767 1200 887 1245 versus
910 1181 1132 1255 Gloverniam
1145 1157 1295 1246 hillidii

186 1276 343 1341 tenderet
370 1278 511 1359 cupiens
536 1278 678 1342 obviare
693 1269 696 1275 ’
711 1280 968 1362 archiepiscopo
996 1291 1032 1346 et
1059 1286 1132 1366 epi-

185 1376 311 1458 scopiS,
329 1395 416 1459 quos
436 1377 471 1438 in
488 1376 652 1440 Walliam
668 1379 821 1455 miserat,
843 1387 883 1442 ut
896 1382 1133 1462 supradictum

186 1483 250 1548 est,
274 1477 368 1540 venit
391 1475 482 1558 apud
505 1476 718 1541 Wodestoke
743 1479 933 1542 manerium
959 1500 1071 1558 sunm,
1094 1491 1134 1546 ut

184 1583 403 1655 pernoctaret
419 1575 557 1640 ibidem.
602 1576 784 1641 Venerunt
798 1585 914 1642 autem
928 1579 977 1642 ibi
994 1580 1037 1643 ad
1055 1601 1131 1645 eum

186 1675 296 1738 nuntii
315 1695 360 1738 ex
377 1674 560 1753 Hibernia,
575 1695 694 1739 casum
717 1676 749 1739 ei
770 1678 956 1741 referentes
978 1679 1021 1742 de
1041 1700 1132 1743 mor·

189 1781 223 1838 te
249 1775 383 1839 comitis
408 1775 632 1853 Marescalli;
666 1775 758 1839 unde
780 1797 855 1854 rex,
883 1777 1132 1842 admirantibus

187 1875 320 1937 cunctis
346 1874 405 1956 qni
423 1875 579 1951 aderant,
601 1875 637 1938 in
660 1874 776 1938 fletum
800 1895 1026 1959 prorumpens
1049 1897 1131 1942 con·

186 1981 329 2055 questus
356 1980 410 2037 est
425 1974 468 2036 de
485 1980 595 2037 morte
613 1975 702 2038 tanti
718 1974 849 2051 militis,
872 1995 1027 2039 asserens
1050 1997 1131 2041 con-

187 2079 331 2149 stanter,
341 2072 432 2154 quod
451 2071 584 2135 nullum
597 2073 663 2136 sibi
680 2091 796 2154 parem
806 2073 842 2136 in
859 2093 966 2156 regno
983 2078 1132 2139 moriens

186 2171 404 2254 reliquisset3
428 2178 463 2235 et
473 2173 635 2235 continuo
652 2172 783 2236 vocatis
799 2175 1009 2255 presbyteris
1024 2174 1066 2238 de
1078 2194 1132 2238 ca-

186 2271 279 2353 pella
302 2290 378 2347 sua,
405 2270 488 2334 fecit
514 2271 700 2335 solenniter
725 2270 901 2335 decantari
930 2274 1133 2356 obsequium

186 2369 424 2435 defunctorum
457 2390 520 2452 pro
549 2371 664 2433 anima
689 2371 809 2451 ipsius,
841 2378 877 2435 et
904 2372 940 2435 in
968 2374 1132 2451 crastino,

187 2469 366 2551 completis
381 2470 563 2533 missarum
584 2469 760 2546 solenniis,
782 2469 900 2552 largas
922 2473 1132 2554 pauperibus

186 2569 422 2650 eleemosynas
433 2568 611 2650 erogabat.
645 2568 776 2632 Beatus
791 2589 875 2651 ergo
889 2589 952 2633 rex
967 2571 1058 2647 talis,
1072 2573 1132 2653 qui

188 2668 286 2732 novit
301 2668 456 2731 inimicos
474 2667 627 2748 diligere,
647 2675 774 2732 etcum
793 2667 980 2750 lachrymis
1001 2664 1133 2751 ¹potest

184 2787 247 2849 pro
264 2767 337 2831 suis
351 2766 627 2849 persecutoribus
637 2766 824 2829 Dominum
838 2787 992 2832 exorare.
1028 2767 1132 2832 Cum-

187 2885 253 2947 que
273 2885 337 2929 rex
353 2866 434 2929 inde
455 2866 630 2948 profectus
651 2865 695 2929 ad
712 2864 935 2929 Gloverniam
958 2868 1133 2949 pervenis-

186 2973 250 3042 set,
269 2966 365 3030 venit
380 2965 424 3028 ad
445 2984 522 3028 eum
544 2966 592 3028 ibi
614 2964 850 3041 EadmnndnS‚
872 2964 1133 3029 Cantnariensis

185 3064 474 3146 archiepiscopus,
502 3084 578 3128 cum
603 3064 785 3146 episcopis,
809 3065 964 3146 quicum
989 3066 1066 3147 ipso
1088 3067 1133 3129 ad

184 3163 367 3227 =Loelinum
380 3163 519 3227 fuerant
533 3163 707 3240 destinati,
722 3163 963 3227 denuntiantes
980 3164 1024 3240 ei,
1040 3165 1133 3246 quod

185 3282 263 3327 cum
286 3262 431 3326 Loelino
452 3262 495 3325 de
518 3255 685 3345 ²quadam
714 3262 825 3326 forma
841 3263 936 3344 pacis
959 3269 1131 3326 tractave-

186 3369 277 3437 rant,
294 3363 344 3425 ita
362 3368 488 3438 tamen,
503 3361 595 3444 quod
612 3368 693 3425 ante
709 3362 824 3425 omnia
840 3362 914 3443 regi
931 3361 1131 3426 reconcilia·

186 3468 306 3525 rentur
322 3461 386 3525 viri
405 3460 536 3524 nobiles
558 3460 601 3524 de
624 3481 742 3543 regno,
765 3461 888 3543 quibus
915 3460 1130 3525 confoedera-

187 3568 243 3624 tus
265 3566 340 3625 erat
355 3559 446 3623 idem
468 3559 645 3638 LoelinuS,
667 3561 727 3642 qui
748 3579 810 3642 per
833 3578 977 3642 pravum
996 3560 1131 3623 consili-

186 3680 244 3724 nm
260 3659 398 3724 fuerant
414 3660 459 3723 ab
473 3658 604 3740 Anglia
621 3659 771 3735 exulati3
798 3678 870 3741 quo
888 3659 953 3722 rite
976 3666 1131 3741 peracto,

185 3751 334 3840 praefata
350 3758 532 3822 concordia
547 3759 682 3840 plenius
697 3759 903 3822 firmaretur.
938 3756 1039 3822 Tunc
1056 3777 1131 3837 rex,

220 3923 346 3988 ¹Potert.]
364 3921 482 3974 ‘Potest’
499 3926 522 3974 ie
540 3926 645 3975 marked
670 3930 747 3974 terme
763 3924 792 3974 of
803 3925 845 3973 the
865 3929 956 3986 treaty,
974 3928 1001 3983 to
1015 3927 1131 3973 continue

184 3996 223 4045 for
232 3997 379 4056 correction,
391 3997 514 4057 probably
523 4001 549 4044 to
560 3997 591 4044 be
603 4010 646 4044 ex·
667 3994 709 4043 for
720 3999 771 4044 two
783 4008 856 4057 years
864 3994 926 4043 from
938 3994 980 4042 the
991 3994 1056 4043 feast
1066 3994 1095 4043 of
1104 3995 1130 4044 S.

184 4066 296 4127 punged.
670 4065 758 4113 James
774 4064 817 4130 (25
828 4061 913 4127 July),
929 4079 972 4112 are
988 4065 1088 4125 printed
1105 4065 1131 4111 in

672 4135 773 4196 Rymer,
795 4136 812 4183 i.
832 4149 858 4194 p.
876 4138 935 4195 213,
954 4134 1031 4182 dated
1050 4134 1131 4182 West-

220 4200 352 4259 ²Quodrm
366 4203 449 4262 formo
469 4203 564 4267 poem]
593 4203 646 4252 The
672 4204 783 4265 minster,
793 4205 862 4252 June
874 4207 913 4253 ab.
