2864 4866
340 381 386 446 44
599 393 734 442 uocem
758 393 804 440 na
827 389 1034 441 wuunovmr

183 573 239 613 an·
250 573 304 612 121⁸.
343 553 524 619 Venerunt
546 559 582 616 et
604 552 756 634 episcopi
778 549 879 614 multi
902 568 979 613 cum
1009 546 1134 611 comite
1164 545 1294 610 Nivar-

343 655 454 731 nensi,
472 653 543 737 qui,
566 653 765 716 imminente
787 650 954 733 periculo,
977 668 1055 712 cum
1073 647 1291 712 Christiano·

343 774 420 818 rum
438 752 639 818 confusione
656 751 810 815 recessit.
862 749 969 813 Venit
984 747 1185 812 etiamtunc
1202 754 1291 811 tem-

344 853 438 937 poris
463 853 517 917 vir
544 852 689 916 illustris
717 869 830 916 comes
856 848 1050 913 cestrensis
1081 846 1293 930 Ranulphus

345 953 387 1021 de
403 972 510 1036 regno
527 950 678 1033 Angliae,
699 970 776 1015 cum
801 950 983 1014 comitibus
1008 941 1132 1012 ¹Saero
1150 946 1291 1012 Winte-

346 1053 456 1117 niensi
489 1059 524 1118 et
555 1051 731 1117 Willelmo
762 1048 1006 1126 Arundelensi,
1037 1055 1072 1112 et
1103 1046 1293 1111 baronibus

348 1151 502 1240 Roberto
545 1150 800 1227 filio-Walteri,
838 1148 999 1212 Johanne
1035 1147 1293 1212 constabulario

348 1250 537 1327 Castrensi,
552 1250 729 1315 Willelmo
760 1249 802 1312 de
832 1249 1008 1314 Harecurt
1042 1267 1118 1310 cum
1150 1246 1294 1330 sequela

346 1349 468 1427 multa,
490 1356 526 1413 et
543 1350 697 1415 Oliverio
713 1349 785 1413 filio
805 1350 898 1430 regis
920 1347 1070 1429 Angliae.
1108 1346 1291 1410 Venerunt

346 1451 451 1513 etiam
484 1451 627 1514 comites
660 1450 703 1514 de
736 1448 895 1513 Marchia
923 1456 959 1512 et
983 1446 1085 1512 Barri
1112 1467 1188 1510 cum
1221 1446 1292 1509 filio

346 1569 423 1626 suo,
441 1549 637 1614 Willelmus
668 1550 711 1614 de
736 1548 902 1626 Garnoto,
934 1548 1063 1612 Iterius
1095 1546 1138 1610 de
1165 1545 1293 1623 Tocoe,

347 1656 382 1714 et
400 1649 574 1714 Hervacus
592 1650 634 1714 de
650 1650 800 1726 Ursone,
817 1668 895 1712 cum
913 1647 991 1712 aliis
1007 1648 1138 1712 multis.

389 1823 438 1886 Dc
451 1821 572 1889 duobus
585 1823 796 1890 invasionibus
800 1825 903 1910 sectis
918 1845 939 1888 a
956 1823 1122 1888 Soromnir
1137 1830 1244 1887 contro

573 1923 764 1989 Christianos
778 1924 868 2010 opud
880 1924 1070 1989 Danielum.

396 2042 576 2113 Saraceni²
593 2050 811 2132 postmodum
827 2048 968 2113 infesto
986 2041 1117 2111 ³sancti
1134 2046 1296 2132 Dionysii

346 2167 423 2211 cum
448 2150 570 2231 galeiis
594 2156 629 2213 et
650 2150 734 2215 viris
760 2150 902 2212 armatis
926 2168 971 2211 ex
993 2147 1181 2229 improviso
1195 2147 1293 2212 veni-

346 2254 455 2326 enteS,
481 2256 515 2312 et
543 2247 714 2331 principia
740 2256 930 2312 castrorum
953 2248 1013 2310 ubi
1042 2245 1192 2312 Romani
1218 2253 1294 2309 ten-

347 2347 437 2409 toria
456 2347 606 2411 fixerant
626 2348 842 2426 invadenteS,
866 2348 1001 2411 modica
1026 2365 1131 2410 manu
1149 2344 1293 2410 Christi-

347 2449 491 2509 anorum
519 2447 648 2528 repulsi
680 2455 774 2525 sunt,
805 2448 847 2510 ad
874 2447 1005 2528 galeias
1029 2465 1110 2510 suas
1135 2447 1293 2510 celeriter

347 2553 581 2627 recurrentes;
605 2547 664 2610 sed
683 2547 817 2629 gladios
844 2547 1098 2628 insequentium
1120 2564 1161 2610 ac
1180 2545 1293 2609 flumi-

348 2645 401 2708 nis
428 2648 628 2727 voraginem
658 2646 808 2729 effugere
841 2646 1084 2728 nequiverunt,
1124 2647 1294 2711 submersi

347 2752 429 2809 sunt
452 2746 543 2808 enim
570 2747 606 2809 in
633 2747 752 2812 Nilum
776 2746 819 2810 ad
843 2748 937 2811 viros
957 2746 1051 2809 mille
1071 2745 1293 2828 quingent0S,

348 2844 438 2908 sicut
466 2844 583 2909 fideles
612 2844 805 2910 didicerunt
829 2853 952 2928 postea
983 2865 1004 2908 a
1037 2847 1195 2927 paganis.
1249 2845 1293 2909 In

346 2943 436 3008 festo
459 2945 583 3009 iterum
606 2947 699 3011 beati
717 2946 885 3010 Demetrii
901 2964 1035 3010 summo
1052 2945 1202 3009 diluculo
1218 2964 1293 3009 cas-

347 3049 402 3106 tra
424 3042 698 3128 Templariorum
720 3048 924 3110 invaserunt
950 3046 1079 3122 hostes,
1103 3046 1164 3109 sed
1186 3045 1294 3109 modi-

348 3163 425 3206 cum
443 3144 600 3210 fidelibus
617 3145 778 3211 damnum
796 3145 1009 3224 intulerunt;
1042 3144 1124 3228 quia
1149 3164 1212 3227 per
1233 3165 1294 3209 ex·

346 3244 482 3324 pedites
508 3266 626 3310 eorum
655 3248 788 3329 equites
814 3245 926 3327 fugati
958 3252 1040 3308 suut
1071 3243 1115 3307 ad
1142 3252 1294 3327 pontem,

348 3362 448 3424 quem
467 3347 587 3427 procul
612 3352 891 3423 construxerant,
914 3345 973 3408 ubi
993 3343 1191 3428 interempti
1212 3351 1294 3410 sunt

347 3460 369 3505 a
385 3443 543 3507 fidelibus
560 3445 603 3507 ad
621 3464 799 3510 numerum
818 3445 1096 3528 quingentorum.

385 3620 477 3673 ¹Saero
489 3625 675 3690 Wintoaienri]
693 3628 736 3675 He
747 3626 808 3677 died
831 3628 918 3677 whose
929 3633 1036 3676 account
1041 3642 1130 3690 agrees
1141 3628 1231 3677 almost
1238 3644 1294 3679 ver-

347 3706 409 3742 soon
425 3693 490 3743 after
505 3695 545 3744 his
565 3697 667 3755 arrival,
686 3698 736 3745 and
753 3710 808 3745 was
832 3697 911 3747 batim
921 3697 984 3745 with
995 3698 1050 3747 that
1060 3699 1089 3746 of
1097 3698 1139 3746 the
1149 3698 1249 3748 former.

346 3763 436 3810 buried
453 3769 481 3812 at
490 3765 567 3815 Aere.
603 3765 645 3814 On
662 3766 702 3816 his
719 3767 808 3815 death·
868 3764 972 3816 ³Suncti
983 3768 1120 3831 Dionysii]
1143 3768 1296 3830 Wendover,

346 3831 396 3880 bed
415 3833 447 3882 he
469 3835 582 3884 directed
604 3835 644 3884 his
665 3836 761 3885 friends
782 3841 808 3885 to
833 3835 918 3885 orbis
937 3838 1018 3889 scribe
1035 3837 1074 3885 for
1093 3837 1155 3899 him,
1172 3837 1219 3886 has
1236 3838 1295 3887 here

347 3917 443 3963 convey
465 3904 506 3953 his
533 3905 605 3955 beart
630 3909 656 3954 to
679 3906 806 3957 Geroldon
832 3907 950 3955 reversed
960 3907 1002 3955 the
1014 3906 1088 3955 order
1099 3907 1128 3956 of
1142 3907 1184 3955 the
1195 3922 1295 3969 respec-

347 3973 438 4034 abbey.
466 3975 560 4025 Annal.
569 3976 680 4026 Waverl.
692 3992 718 4039 p.
730 3981 787 4026 185.
832 3977 883 4024 tire
894 3976 959 4038 days
970 3978 999 4025 of
1003 3977 1074 4025 these
1086 3978 1179 4037 saints3
1192 3979 1295 4041 placing

832 4047 875 4095 the
898 4051 984 4095 events
1006 4046 1091 4095 which
1113 4049 1234 4096 occurred
1262 4063 1295 4096 on

380 4107 535 4178 warenna]
558 4115 615 4165 Jac.
636 4116 667 4164 de
685 4117 807 4176 vitriaco,
832 4112 986 4165 Demetrius'
998 4117 1057 4177 day,
1068 4117 1110 4165 the
1127 4117 1180 4178 eth,
1190 4133 1223 4166 on
1240 4118 1294 4166 that

345 4184 436 4241 p.1135
443 4196 452 4244 3
465 4185 692 4237 Oliver.Scholast.
700 4202 725 4249 p.
734 4191 807 4250 1186,
832 4186 861 4234 of
869 4185 1019 4250 Dionysius,
1030 4187 1072 4236 the
1083 4186 1127 4235 ath
1138 4186 1167 4235 ol
1173 4187 1294 4238 October.
