2864 4866
382 412 519 460 anonas
543 411 813 462 ursronmnuu.
1008 399 1067 464 321

123 570 352 636 anathematis
369 571 541 635 sententia
551 571 742 636 innodaret.
784 573 840 650 Et,
854 592 932 636 cum
946 573 990 636 ad
1008 571 1073 636 hoc

123 671 243 735 rustici
267 691 385 735 omnes
407 670 627 736 vehementer
650 673 832 750 instarent,
854 673 908 738 vir
931 673 1072 756 quidam

125 791 170 834 ex
192 771 311 834 eadem
334 771 419 835 villa
444 771 628 853 religiosus
656 779 691 836 et
713 773 803 854 pius,
833 792 911 836 cum
939 773 1073 838 videret

124 872 363 953 presbyterum
390 870 433 933 ad
464 871 637 934 ferendam
666 873 873 936 sententiam
900 880 1072 954 paratum,

124 971 287 1048 surrexit,
309 979 345 1034 et
367 989 409 1033 ex
433 978 532 1052 parte
555 970 623 1033 Dei
649 972 893 1053 omnipotentis
915 979 950 1036 et
973 992 1073 1036 sanc-

125 1076 238 1133 torum
272 1071 423 1133 omnium
461 1070 698 1154 presbyterum
730 1070 915 1154 adjuravit,
947 1081 986 1137 ut
1018 1073 1071 1154 ip-

124 1188 212 1248 sum,
229 1178 264 1234 et
286 1188 404 1234 omnes
419 1187 506 1251 quas
529 1168 652 1232 habuit
673 1170 710 1232 in
732 1189 854 1252 campo
875 1170 1005 1252 fruges,
1028 1174 1072 1235 ab

123 1268 185 1333 illa
206 1270 378 1333 sententia
399 1276 654 1351 sequestraret3
685 1268 818 1334 addidit
841 1271 957 1348 etiam,
978 1272 1071 1354 quod

123 1369 211 1432 bene
233 1369 363 1451 placuit
378 1368 444 1430 sibi
466 1368 629 1451 quicquid
649 1388 818 1451 pauperes
841 1370 956 1433 inedia
981 1389 1072 1434 com-

124 1468 216 1548 pulsi
240 1468 283 1531 de
315 1467 388 1531 suis
415 1475 577 1549 ceperant
604 1465 773 1550 frugibus,
807 1477 843 1533 et
868 1470 959 1552 quod
989 1471 1072 1533 resi-

124 1566 231 1630 duum
254 1575 328 1631 erat
350 1567 792 1664 Dominotcommendavit.
845 1568 938 1647 Quid
963 1573 1071 1650 ergo?

125 1666 342 1732 Instantibns
370 1669 593 1750 pertinaciter
623 1669 758 1732 caeteris
788 1669 823 1731 in
854 1669 963 1732 stulto
992 1689 1071 1750 pro-

72 1772 74 1777 ’
124 1768 238 1848 posito
258 1787 334 1843 suo,
360 1786 435 1830 cnm
458 1769 639 1850 presbyter
660 1768 857 1850 compulsus
881 1768 969 1831 ferre
992 1787 1070 1832 sen-

125 1856 268 1931 tentiam
295 1865 506 1944 inchoasset,
536 1875 636 1931 tanta
664 1868 778 1931 subito
809 1876 932 1932 exorta
958 1869 1071 1932 estin

123 1985 203 2030 aere
221 1974 421 2049 tempestas
444 1967 587 2031 tonitrui
609 1967 741 2030 scilicet
757 1985 798 2029 ac
820 1967 972 2031 fulminis
990 1988 1071 2031 con-

122 2067 249 2144 cussio,
273 2075 453 2132 ventorum
477 2086 518 2130 ac
541 2066 716 2131 turbinum
737 2066 912 2143 conflatio,
936 2068 1071 2149 pluvia·

121 2184 197 2228 rum
228 2174 264 2231 et
294 2167 498 2248 grandinum
536 2166 728 2242 inundatio,
763 2166 864 2248 quod,
899 2168 999 2248 qnasi
1033 2167 1069 2230 in

125 2274 298 2331 momento
318 2268 454 2331 turbine
475 2267 560 2330 flatu
584 2266 754 2329 diabolico
783 2267 928 2348 agitata,
952 2266 1069 2347 fruges

122 2365 158 2428 in
175 2367 280 2448 agris,
295 2374 451 2430 armenta
473 2387 551 2430 cum
574 2365 753 2429 arboribus
776 2384 817 2428 ac
840 2367 974 2430 caeteris
992 2367 1069 2449 qui·

120 2466 254 2548 busque
273 2466 506 2530 crescentibus
528 2473 564 2528 et
582 2466 703 2530 avibus
721 2466 757 2528 in
775 2465 917 2548 campis,
936 2466 986 2530 ita
1007 2486 1069 2548 op·

122 2564 300 2646 primendo
326 2566 501 2643 contrivit,
530 2565 620 2647 quod
641 2566 737 2629 velut
751 2566 787 2628 in
807 2566 962 2629 curribus
980 2566 1068 2630 etin

122 2665 220 2746 equis
242 2665 445 2729 conculcata
466 2674 501 2729 et
517 2666 553 2728 in
569 2673 662 2729 terra
678 2665 835 2729 demersa
850 2665 1067 2730 videbantur.

123 2762 202 2827 Visi
220 2771 303 2828 sunt
319 2773 434 2829 autem
450 2765 487 2827 in
503 2783 582 2828 aere
604 2783 740 2827 sursum
756 2765 871 2845 angeli
886 2759 1066 2829 ¹Sathanae

120 2864 317 2941 volitantes,
335 2865 395 2948 qni
417 2864 519 2947 hujus
546 2864 761 2944 tempestatis
787 2865 935 2928 ministri
963 2864 1067 2928 fuisse

121 2963 356 3028 credebantur.
382 2963 462 3040 Sed,
477 2983 555 3027 cum
566 2962 673 3046 justis
691 2983 732 3027 ac
748 2964 814 3046 piis
829 2964 963 3027 stabilis
977 2962 1068 3027 'sem-

120 3083 183 3145 per
198 3064 244 3128 sit
256 3064 398 3128 inventa
410 3062 528 3128 divina
549 3063 758 3143 benignitas,
775 3064 829 3127 vir
844 3063 902 3126 ille
919 3064 1067 3145 simplex

121 3170 157 3227 et
164 3162 179 3245 j
184 3170 294 3237 ustus,
303 3183 392 3241 cum,
406 3171 547 3244 peracta
556 3169 762 3244 tempestate
775 3163 934 3226 omnibus
945 3164 1067 3226 vicinis

120 3262 193 3326 suis
206 3263 308 3341 nimis
324 3263 503 3340 damnosa,
517 3263 659 3327 visitare
678 3270 837 3344 pergeret
853 3281 956 3343 agros
972 3281 1067 3339 suos,

121 3361 254 3427 invenit
277 3363 407 3444 praedia
432 3382 496 3426 sna
522 3370 557 3425 et
575 3362 714 3444 jugera,
732 3362 813 3425 licet
840 3362 930 3424 inter
955 3368 1065 3424 terras

120 3461 265 3524 aliorum
297 3463 480 3544 permixta,
510 3463 562 3526 ita
591 3462 636 3525 ab
667 3461 760 3524 omni
786 3468 990 3541 tempestate
1014 3462 1067 3524 in·

121 3568 215 3624 tacta
239 3570 274 3625 et
301 3562 423 3640 illaesa,
448 3570 486 3626 ut
506 3561 638 3625 nullum
657 3560 693 3624 in
713 3560 762 3623 eis
786 3560 937 3623 laesionis
963 3561 1068 3626 vesti-

120 3661 214 3742 gium
235 3669 438 3743 appareret;
468 3661 559 3724 unde
575 3661 666 3724 omni
681 3660 757 3723 lnce
774 3661 900 3724 clarius
917 3670 1067 3738 constat,

119 3760 209 3841 quod
242 3762 332 3825 sicut
360 3761 437 3824 Deo
469 3761 580 3842 gloria
610 3761 645 3823 in
675 3760 822 3823 excelsis
858 3760 994 3824 canitur
1021 3762 1066 3825 ab

70 3897 77 3903 -
118 3861 262 3941 angelis,
284 3862 336 3925 ita
353 3869 388 3925 et
404 3862 440 3924 in
460 3867 552 3924 terra
574 3879 645 3942 pax
670 3867 724 3923 est
747 3860 942 3923 hominibus
964 3862 1064 3925 bonae

116 3960 318 4033 voluntatis.
370 3960 554 4025 Inchoavit
583 3967 699 4024 antem
721 3959 795 4023 haec
818 3967 1005 4042 tempestas
1028 3961 1064 4023 in

147 4166 279 4218 ‘Sutbunoe
291 4164 442 4236 volitantes]
461 4169 510 4218 ‘In
523 4169 623 4218 modum
636 4169 762 4230 nigrorum
775 4172 915 4229 satyrarum
921 4167 939 4228 ;'
960 4169 1043 4219 Paris.

165 4278 243 4325 VOL.
262 4278 311 4326 lv.
895 4277 920 4320 Υ

1086 589 1142 629 A.D.
1154 591 1210 630 1234.

1086 641 1177 690 Legend.
