2864 4866
330 454 333 459 ,
355 386 400 452 &2
620 400 755 449 norror
779 399 826 447 nr
848 398 1059 448 vvrunovrr

196 575 319 617 anina
357 558 510 623 Soldano
547 559 648 623 annis
686 558 834 642 singulis
868 559 1105 625 solvebantur.
1175 559 1313 625 Avibus

357 660 511 724 abundat
533 667 568 728 et
589 659 722 724 salinis.
789 658 931 724 casalia
963 660 1074 724 multa
1098 681 1161 743 per
1184 681 1310 745 gyrum

356 760 556 824 serviebant
583 761 627 838 ei,
661 780 740 824 nam
771 760 896 824 civitas
928 767 1010 824 ante
1043 768 1197 825 castrum
1227 763 1310 826 olim

357 858 587 924 famosissima
610 859 677 925 suit
699 880 740 925 ac
766 860 878 944 major
901 861 1077 938 Damieta,
1102 862 1163 925 sed
1187 869 1312 945 postca

356 960 508 1024 ruinosa.
582 960 672 1026 Haec
704 967 758 1024 est
786 960 956 1042 Taphnis,
991 961 1093 1045 cujus
1124 963 1240 1046 campi
1272 964 1309 1026 in

356 1060 491 1141 psalmo
528 1061 684 1126 meminit
719 1061 890 1144 propheta
927 1061 1057 1139 David,
1100 1070 1135 1126 ct
1171 1062 1310 1141 Esaias,

357 1160 488 1225 ‘Stulti
505 1162 679 1244 principes
702 1155 911 1244 Taphneos,’
934 1168 969 1225 et
985 1169 1124 1226 caetera.
1176 1162 1219 1226 In
1243 1162 1310 1228 hac

357 1269 471 1325 autern
490 1264 574 1326 urhe
591 1261 615 1326 J
618 1263 762 1327 eremias
785 1260 913 1327 dicitur
933 1262 1119 1343 lapidatus,
1142 1269 1181 1327 ut
1198 1262 1309 1328 habes

356 1360 393 1423 in
412 1363 518 1426 veteri
537 1363 774 1427 Testamento.
827 1363 947 1427 Distat
970 1370 1085 1427 autem
1107 1363 1265 1446 Taphnis
1288 1384 1311 1429 a

358 1461 522 1527 Damieta
554 1463 679 1527 itinere
711 1463 813 1526 unius
852 1462 920 1526 diei
956 1483 1019 1546 per
1054 1483 1151 1528 mare
1184 1483 1310 1529 versus

358 1568 485 1625 terram
510 1562 760 1645 promissionis,
790 1570 829 1626 ut
850 1564 951 1627 facile
976 1564 1023 1628 sit
1044 1563 1087 1628 de
1109 1561 1234 1628 Achon
1253 1566 1309 1630 vel

357 1660 400 1724 de
421 1662 584 1728 Damieta
605 1684 666 1747 per
687 1683 782 1727 mare
799 1664 855 1728 vel
877 1684 939 1746 per
956 1671 1084 1757 terram
1106 1665 1308 1746 praesidium

357 1761 482 1826 ibidem
517 1782 644 1845 ponere
673 1771 709 1827 et
733 1763 899 1829 victualia
930 1762 1114 1828 destinare.
1168 1765 1309 1829 Damna

249 1903 251 1906 ⁴
356 1863 506 1946 plurima
526 1863 731 1929 Christianis
755 1863 837 1928 fecit
858 1863 895 1927 in
917 1863 1095 1928 obsidione
1119 1863 1306 1943 Damietae,

358 1964 497 2047 quando
524 1984 632 2028 naves
663 1965 708 2029 ad
736 1965 927 2029 exercitum
956 1963 1159 2027 accedentes
1184 1965 1240 2029 vel
1262 1967 1309 2030 ab

358 2083 400 2129 eo
425 2064 625 2130 recedentes
656 2064 782 2128 delatae
808 2063 948 2127 fuerunt
973 2064 1069 2142 illuc,
1094 2083 1175 2128 nam
1206 2065 1311 2131 littus

358 2166 463 2229 maris
483 2173 565 2230 ante
581 2154 737 2248 Taphitis
763 2184 947 2228 arenosum
969 2172 1023 2229 est
1039 2171 1075 2228 et
1094 2165 1168 2229 sine
1191 2174 1308 2248 portu,

358 2265 471 2328 sinum
489 2273 605 2329 autem
621 2264 725 2329 habet
739 2265 859 2342 latum,
873 2266 910 2328 in
925 2284 994 2347 quo
1012 2283 1119 2329 naves
1134 2266 1308 2332 devolutae

358 2365 517 2429 recedere
550 2385 620 2429 non
642 2367 759 2430 valent
780 2367 910 2448 absque
934 2372 1040 2429 vento
1072 2366 1218 2430 multum
1245 2388 1309 2450 op-

358 2471 517 2546 portuno.
570 2466 699 2530 Eodem
715 2473 868 2549 tempore
884 2466 938 2530 vir
955 2465 1079 2530 nobilis
1097 2465 1308 2550 Ranulpbus

358 2579 474 2629 comes
497 2564 702 2645 Cestrensis‚
729 2573 917 2650 postquam
945 2566 1017 2631 fere
1044 2585 1107 2650 per
1128 2568 1305 2632 biennium

356 2663 393 2727 in
415 2667 560 2730 servitio
579 2667 648 2731 Dei
675 2667 896 2744 militaverat,
924 2685 1002 2730 cum
1030 2667 1138 2750 legati
1165 2668 1306 2734 licentia

357 2772 394 2829 et
408 2766 657 2845 benedictione,
680 2775 716 2833 et
730 2768 838 2832 totius
860 2768 1035 2832 exercitus
1057 2768 1189 2847 favore,
1206 2789 1306 2853 repa-

357 2865 488 2932 triavit.

434 3043 477 3109 Ut
491 3044 673 3110 liudewitus
689 3044 735 3109 od
751 3042 912 3108 Pholosam
926 3041 1077 3109 hostiliter
1091 3041 1234 3108 accarim

684 3144 828 3230 confusus
844 3143 983 3209 redierit.

195 3281 289 3372 pappa
407 3268 510 3333 Circa
532 3271 607 3336 haec
624 3278 780 3352 tempora
800 3267 1019 3345 LodowicuS,
1037 3268 1128 3331 filius
1151 3266 1306 3351 Philippi

194 3343 320 3424 erodente.
356 3368 449 3450 regis
486 3370 697 3434 Francorum
732 3369 995 3452 primogenitust,
1026 3369 1070 3432 ad
1101 3369 1305 3433 instantiam

356 3469 543 3551 patrissui
568 3469 851 3533 innumerabilem
878 3468 1019 3550 collegit
1040 3470 1243 3547 exercitum,
1266 3476 1306 3534 ut

357 3561 555 3632 haereticos¹
589 3568 797 3650 Albigenses
833 3569 1066 3651 impugnaret,
1094 3570 1304 3653 veniensque

356 3661 452 3731 cum²
476 3669 570 3732 omni
594 3669 815 3761 multitudine
838 3689 904 3733 sua
926 3670 970 3733 ad
992 3671 1111 3734 urbem
1133 3670 1305 3734 Tholosa-

408 3843 572 3895 'Hoereticoc
622 3844 774 3909 Albigeases.
802 3847 814 3910 ]
840 3862 911 3897 verse
933 3849 968 3909 by
988 3863 1004 3897 a
1026 3852 1216 3910 contemporary
1234 3853 1305 3912 poet,

355 3915 479 3978 Amongst
500 3916 542 3965 the
569 3916 677 3966 hitherto
703 3917 815 3965 inedited
840 3918 933 3980 ending
950 3918 1014 3967 vvith'
1032 3918 1074 3968 the
1094 3924 1306 3968 commencement

354 3986 440 4037 uorlrs
448 4002 517 4050 upon
523 3987 565 4036 the
574 3987 670 4048 history
676 3988 705 4036 oi
709 3988 815 4049 France‚
840 3987 869 4036 oi
887 3987 938 4037 this
955 3989 1103 4050 expedition
1119 3988 1149 4038 ol
1162 3989 1257 4050 Louis3
1275 3990 1304 4040 ll.

354 4057 393 4107 M.
406 4058 509 4106 Fauriel
522 4057 568 4106 has
583 4057 718 4120 published
734 4073 750 4107 a
764 4058 816 4107 his·
839 4062 914 4118 932³,
928 4075 991 4123 seqq.

353 4132 409 4190 tory
419 4128 449 4178 oi
461 4128 504 4177 the
521 4129 642 4178 crusades
659 4129 759 4191 against
773 4129 815 4177 the
875 4124 960 4178 ²Cum
977 4130 1041 4178 maai
1052 4123 1231 4197 multitudine]
1249 4130 1303 4180 The

352 4198 515 4262 Albigenses,
525 4200 625 4249 written
635 4199 661 4248 in
674 4199 814 4264 Provencal
839 4198 922 4250 duker
933 4200 962 4250 oi
976 4201 1111 4265 Bretagne,
1124 4201 1226 4265 Novar,
1238 4200 1302 4252 Sen-
