2864 4866
396 411 536 458 eronus
560 410 828 459 msronrnauu.
1041 397 1084 461 13

134 579 169 635 et
191 571 268 634 aliis
295 570 486 652 peregrinis
509 579 545 634 et
567 570 730 652 hospitali
760 570 802 634 de
830 570 931 634 domo
951 570 1081 634 Teuto-
1097 585 1218 626 alr-¹²¹⁷·

135 673 301 748 uicorum,
323 678 476 734 castrum
497 671 590 752 quod
611 671 692 734 olim
713 670 969 747 ‘Districtum,'
992 690 1083 734 nunc

136 778 252 835 autem
274 776 447 835 ‘castrum
472 770 764 852 Peregrinorum,'
786 771 924 847 dicitur,
947 769 1083 833 firmare

135 877 335 952 coeperunt3
369 870 434 934 hoc
460 877 576 934 autem
606 878 757 933 castrum
784 871 888 934 situm
916 879 970 933 est
993 871 1085 932 inter

137 969 304 1054 Caipbam
342 977 377 1034 et
410 969 619 1047 Caesaream,
656 990 725 1033 non
759 971 861 1051 longe
898 969 1033 1034 distans
1063 990 1085 1033 a

135 1071 244 1150 mari3
274 1078 485 1152 quapropter
510 1071 603 1134 viam
628 1070 783 1134 strictam
807 1070 1084 1146 ascendentibus,

137 1178 171 1239 et
189 1169 233 1233 ad
249 1169 470 1234 Hierusalem
487 1189 640 1253 peream
658 1169 956 1246 descendentibus,
978 1175 988 1203 ⁴
1002 1169 1084 1232 Dis-

138 1270 288 1334 trictum'
309 1269 499 1333 dicebatur.
553 1269 673 1353 Hujus
693 1271 798 1334 castri
822 1271 932 1352 prima
950 1268 1084 1332 utilitas

138 1377 203 1447 est,
236 1370 326 1452 quod
362 1377 553 1434 conventus
581 1370 869 1451 Templariorum,
897 1369 1041 1434 eductus
1064 1389 1086 1432 a

138 1471 329 1552 peccatrice
341 1478 376 1534 et
388 1471 482 1534 omni
495 1469 663 1552 spurcitia
678 1471 781 1553 plena
794 1471 936 1533 civitate
947 1467 1085 1545 Achon‚

141 1589 248 1652 usque
268 1570 311 1633 ad
330 1571 582 1652 reparationem
604 1589 781 1634 murorum
800 1570 1033 1645 Hierusalem,
1051 1569 1086 1631 in

140 1668 243 1753 hujus
280 1671 387 1734 castri
422 1669 583 1753 praesidio
621 1669 794 1734 residebit.
859 1669 1087 1733 Territorium

141 1769 216 1854 eJus
236 1770 405 1852 piscariis,
425 1770 557 1847 salinis,
579 1770 689 1847 silvis,
708 1770 858 1852 pascuiS,
881 1770 986 1851 agris,
1009 1769 1087 1832 her-

140 1870 205 1946 bis,
229 1870 350 1948 vineis,
379 1869 489 1933 bortis
521 1878 557 1933 et
584 1871 745 1953 pomeriis
772 1869 934 1933 abundat.
991 1868 1089 1932 Inter

141 1967 265 2034 Achon
297 1978 332 2033 et
360 1968 581 2033 Hierusalem
617 1970 749 2034 nullum
784 1978 839 2033 est
866 1969 1088 2050 municipium

142 2069 234 2152 quod
255 2069 419 2133 Saraceni
440 2077 593 2147 teneant,
616 2070 779 2152 quocirca
802 2090 846 2133 ex
873 2069 938 2133 hoc
961 2063 1087 2151 'pluri-

142 2189 235 2233 mum
252 2169 517 2234 damnificantur
532 2169 698 2233 infideles.
752 2169 850 2233 Inter
866 2168 1088 2232 Hierusalem

143 2277 177 2333 et
198 2268 386 2334 Jordanem
416 2277 554 2352 portum
584 2269 689 2333 habet
713 2270 918 2334 naturaliter
949 2270 1088 2345 bonum,

143 2389 205 2433 sex
227 2369 394 2433 milliariis
411 2370 546 2433 distans
563 2391 584 2434 a
601 2378 717 2434 monte
735 2371 894 2447 Thabor3
918 2369 1009 2433 unde
1025 2368 1089 2433 Sa-

143 2470 259 2534 raceni
288 2470 325 2532 in
353 2489 489 2552 campo,
513 2470 573 2552 qui
596 2470 790 2553 interjacet,
819 2471 925 2551 longo
948 2476 983 2532 et
1006 2470 1090 2547 lato,

33 2600 36 2606 ·
144 2589 206 2634 nec
234 2588 332 2633 arare
361 2578 510 2652 possunt
533 2589 596 2632 nec
620 2570 800 2648 seminare,
823 2576 966 2653 propter
987 2569 1091 2652 hujus

144 2671 248 2734 castri
279 2669 478 2751 praesidium
507 2678 542 2734 et
567 2669 737 2734 levamen.
791 2671 945 2734 Firmato
973 2671 1092 2752 itaque

144 2769 207 2834 tali
237 2779 364 2847 castro,
395 2771 569 2834 exercitus
604 2770 745 2834 Domini
779 2790 938 2835 reversus
973 2777 1026 2833 est
1056 2770 1093 2832 in

146 2868 279 2934 Achon.

183 3044 232 3106 Do
245 3044 344 3129 omaro
357 3043 532 3124 usbeidam,
549 3046 631 3110 tarde
644 3048 777 3111 excitato
787 3046 860 3130 suit
874 3044 1059 3108 Uolcatbrwis

346 3145 517 3229 provincio
530 3146 576 3209 ud
589 3145 760 3231 obsequium
773 3146 884 3209 muca.

198 3261 287 3331 Sub²
312 3267 367 3331 bis
394 3289 533 3352 quoque
558 3269 691 3345 diebus,
724 3287 841 3331 mense
870 3267 979 3345 Maio,
1009 3267 1096 3331 feria
1109 3291 1255 3331 emmena

147 3366 279 3431 scilicet
310 3376 413 3432 sexte
452 3377 534 3434 ante
566 3369 809 3444 Pentecosten,
843 3369 998 3432 excitata
1030 3341 1240 3442 suitlid'doeor

146 3468 326 3549 provincia
350 3467 569 3533 coloniensis
590 3471 627 3532 in
648 3469 851 3551 obsequium
879 3467 1072 3532 Salvatoris
1084 3489 1094 3548 3
1107 3442 1206 3491 Μ

146 3586 226 3630 nam
245 3569 282 3631 in
301 3568 386 3632 villa
406 3570 528 3633 Bebon
551 3570 676 3634 Frisiae
694 3570 856 3651 apparuit
873 3569 909 3631 in
932 3587 1011 3630 aere
1032 3568 1094 3631 tri-

147 3666 230 3748 plex
252 3667 364 3730 forma
390 3670 515 3746 crucis,
544 3690 627 3746 una,
650 3669 774 3733 coloris
805 3667 954 3744 candidi,
976 3687 1096 3731 versus

147 3766 355 3848 aquilonem,
399 3768 510 3832 altera
548 3789 668 3833 versus
712 3769 899 3843 meridiem,
941 3766 1097 3849 ejusdem

147 3865 333 3931 schematis
360 3877 397 3932 et
419 3868 556 3946 coloris,
583 3871 698 3945 tertia,
724 3867 835 3931 medio
861 3867 976 3930 colore
1003 3867 1097 3931 colo-

147 3972 236 4043 rata,
265 3967 397 4031 habens
427 3970 538 4032 crucis
571 3968 764 4052 patibulum
793 3976 828 4030 et
860 3967 1005 4031 formam
1037 3967 1099 4028 bo·

185 4145 192 4174 ¹
207 4147 368 4210 Plurima]
382 4147 436 4196 The
447 4150 541 4209 scribe,
552 4150 624 4221 misi
672 4145 745 4197 'Sub
757 4149 796 4196 bis
813 4163 903 4211 quoque
919 4148 1023 4210 ciem]
1040 4147 1098 4196 Jac.

146 4217 237 4280 taking
252 4217 295 4266 the
307 4218 377 4266 word
393 4219 420 4266 in
436 4218 476 4267 his
492 4220 610 4281 original,
621 4224 624 4273 !
637 4219 669 4267 de
681 4218 787 4267 Vitriac.
798 4233 825 4280 p.
839 4222 911 4266 1131.

147 4288 195 4336 has
206 4288 308 4336 written
319 4285 513 4351 ‘privilegium’
621 4296 624 4345 ζ
