2864 4866
379 435 813 488 sununsurs‘rosmsuu.
1029 426 1074 490 99

116 596 152 653 et
175 608 251 654 eam
278 593 344 656 sub
368 594 527 658 custodia
547 595 714 660 Willelmi
739 597 878 662 comitis
901 598 944 662 de
967 599 1071 664 War-
1084 613 1139 655 Μ).
1150 616 1207 656 1²2⁴·

115 707 225 754 renna
240 691 432 775 deputavit.
480 695 571 777 Regi
589 716 682 774 vero,
705 718 769 780 pro
788 699 924 779 magnis
943 699 1071 764 labori·

117 789 181 853 bus
214 792 287 856 suis
316 801 352 858 et
378 797 554 878 expensis,
581 803 655 860 tam
683 816 706 861 a
730 798 886 880 praelatis
914 818 1018 881 quam
1047 821 1069 865 a

117 889 217 955 laicis
245 912 445 959 concessum
473 903 527 960 est
549 917 612 979 per
637 904 747 962 totam
775 896 942 981 Angliam
968 919 1067 964 caru-

40 1061 46 1069 ,
118 992 268 1072 cagium,
283 994 326 1058 de
343 997 496 1078 qualibet
517 1016 642 1062 caruca
661 997 739 1062 duae
762 1018 887 1062 marcoe
906 1002 1066 1082 argenti;

117 1095 336 1172 magnatibus
357 1097 440 1160 item
463 1099 634 1162 concessit
656 1118 720 1162 rex
742 1100 952 1181 scutagium,
973 1101 1066 1165 vide·

116 1189 199 1256 licet
223 1193 266 1257 de
292 1204 393 1261 scuto
419 1198 574 1280 quolibet
598 1199 686 1263 duas
720 1218 853 1263 marcas
882 1201 1065 1283 sterlingo-

117 1311 215 1369 rum;
240 1301 276 1359 et
290 1296 340 1359 sic
355 1316 473 1362 omnes
491 1299 535 1362 ad
551 1300 691 1382 propria
707 1310 933 1365 recesserunt.
980 1300 1067 1365 Cas-

117 1392 238 1457 tellum
254 1415 392 1479 quoque
411 1399 497 1463 illud
522 1399 603 1463 fecit
622 1419 683 1462 rex
704 1401 917 1483 complanari
937 1408 972 1465 et
990 1402 1067 1466 red-

116 1491 165 1573 igi
185 1494 222 1557 in
248 1515 404 1574 acervos,
429 1506 535 1582 atque
559 1500 680 1565 domos
707 1500 802 1565 dedit
824 1501 1000 1566 Willelmo
1022 1503 1066 1566 de

116 1592 364 1681 Bello-campo,
381 1606 417 1663 et
430 1599 543 1664 locum
561 1620 639 1664 cum
655 1600 809 1665 aedificiis
824 1603 1005 1666 universis.

117 1767 260 1834 Ooocessu
282 1778 324 1834 est
340 1772 406 1858 regi
420 1771 595 1858 Aoplorum
611 1774 841 1858 quintadecima
856 1796 939 1860 pars
960 1797 1066 1865 rerum

503 1872 672 1938 mobilium.

165 1985 271 2052 Anno
291 1988 433 2053 Domini
454 2007 621 2055 uccxxu
644 2011 707 2054 rex
728 1989 903 2055 Henricus
926 1993 970 2056 ad
989 1992 1199 2060 Ner-snum.

118 2086 186 2150 tale
204 2089 317 2153 tenuit
333 2091 463 2155 curiam
480 2109 578 2155 suam
596 2091 689 2174 opud
704 2091 1063 2170 westmonasterium,
1073 2068 1176 2158 libbi

116 2189 343 2268 praesentibus
379 2190 471 2255 clero
506 2198 541 2255 et
567 2193 697 2274 populo
730 2211 807 2255 cum
843 2169 1201 2276 magnatibuslillbll..

115 2288 277 2369 regionis.
329 2282 561 2355 ¹Solennitate
588 2292 706 2373 igitur,
736 2300 775 2356 ut
796 2293 950 2371 decebat,
973 2314 1063 2359 com·

116 2389 222 2472 pleta,
241 2389 425 2467 Hubertus
448 2393 491 2456 de
514 2393 645 2474 Burg0,
663 2393 794 2457 domini
812 2394 904 2476 regis
924 2394 1062 2478 justici-

116 2490 222 2567 arius,
245 2510 291 2555 ex
317 2498 416 2574 parte
438 2491 592 2576 ejusdem
621 2494 713 2574 regis
739 2496 920 2577 proposuit
944 2514 1060 2560 eoram

114 2590 394 2675 archiepiscopis,
428 2592 611 2677 episcopis,
649 2593 841 2671 comitibus,
876 2595 1062 2661 baronibus

114 2700 151 2756 et
175 2693 252 2756 aliis
280 2693 450 2757 universis
481 2694 608 2757 damna
636 2704 671 2758 et
696 2694 852 2777 injurias,
878 2714 956 2776 quae
987 2697 1061 2778 regi

113 2792 214 2857 illata
229 2792 366 2872 fuerant
382 2792 418 2854 in
435 2794 592 2875 partibus
606 2794 857 2872 transmarinis
875 2815 918 2859 ex
935 2796 1060 2877 quibus

114 2913 185 2956 non
206 2892 318 2956 solnm
339 2912 413 2968 rex,
436 2893 497 2956 sed
519 2901 555 2957 et
575 2895 718 2958 comites
736 2896 835 2959 multi
853 2914 894 2959 ac
913 2897 1060 2960 barones

114 2999 195 3056 sunt
217 2992 430 3056 exhaeredati
455 3012 533 3057 cum
557 2993 654 3077 ips03
684 3002 731 3071 et,
757 3015 834 3058 cum
857 2995 957 3059 multi
979 3005 1060 3061 sunt

111 3093 149 3156 in
178 3112 296 3170 causa,
327 3094 513 3159 multorum
544 3094 727 3159 subventio
758 3095 824 3159 erit
853 3097 1058 3161 necessaria.

113 3192 223 3258 Petiit
253 3213 336 3276 ergo
369 3195 414 3258 ab
447 3196 610 3260 omnibus·
642 3196 822 3260 consilium
861 3195 991 3277 pariter
1024 3204 1059 3260 et

72 3331 76 3337 .
111 3294 294 3370 auxilium,
310 3295 435 3376 quibus
451 3314 581 3360 corona
596 3294 733 3378 Angliae
749 3294 936 3377 dignitates
957 3295 1059 3359 amis-

111 3412 169 3457 sas
198 3412 240 3458 ao
267 3393 350 3477 jura
379 3403 497 3477 posset
523 3396 670 3478 pristina
702 3415 890 3474 revocare;
925 3395 1058 3461 adhoc

112 3513 250 3577 quoque
276 3493 378 3576 plene
398 3495 654 3577 perficiendum,
676 3497 750 3576 regi
772 3495 1058 3574 sufficerecredi-

111 3593 174 3672 dit,
208 3596 239 3659 si
276 3594 308 3658 ei
341 3594 596 3678 quintadecima
635 3614 716 3678 pars
754 3597 906 3659 omnium
942 3615 1057 3660 rerum

145 3769 154 3801 ¹
165 3770 346 3835 demultus]
365 3771 419 3822 The
435 3771 570 3821 directions
594 3786 670 3834 urges
681 3771 723 3821 the
734 3772 807 3834 king,
819 3771 864 3819 ‘ut
872 3787 930 3821 cum
938 3774 1056 3822 vassallis

108 3846 135 3891 to
145 3841 188 3891 the
193 3842 351 3905 justiciaries
361 3856 391 3892 as
401 3847 427 3892 to
438 3842 480 3890 the
496 3843 570 3891 mode
594 3844 647 3892 tuis
664 3856 715 3891 non
732 3856 811 3903 ponas
830 3841 877 3891 hoc
888 3848 999 3904 tempore
1016 3858 1056 3892 ra-

109 3912 140 3961 oi
157 3913 291 3974 collecting
314 3912 365 3962 this
390 3917 436 3962 tax
457 3928 516 3974 may
538 3914 570 3962 be
594 3914 697 3974 tionem,
705 3927 751 3961 nec
762 3926 806 3961 eos
814 3913 1055 3973 superrestitutione

109 3997 170 4032 seen
188 3984 215 4032 in
233 3983 337 4045 Rymer,
354 3998 381 4045 p.
400 3987 464 4043 1⁷⁷3
484 3984 571 4033 imme·
595 3987 695 4031 tuorum
714 3982 859 4030 reddituum
882 3982 1054 4044 scandalizem

107 4053 204 4115 diately
213 4053 344 4116 following
354 4053 439 4102 which
456 4053 571 4103 isabull
595 4052 641 4101 sed
663 4052 719 4102 haec
742 4052 846 4114 stolia,
868 4068 927 4114 quae
949 4059 1056 4115 possunt

107 4123 171 4173 from
182 4123 225 4173 the
236 4137 302 4186 pope
313 4127 339 4172 to
350 4123 392 4172 the
403 4123 476 4185 king,
487 4123 571 4185 ‘qnod
595 4123 742 4172 scandalum
770 4136 898 4184 generare,
919 4123 1056 4185 prudenter

108 4194 193 4244 dictus
211 4208 257 4243 rex
278 4193 416 4256 prudenter
432 4206 460 4243 se
478 4193 572 4243 habeat
596 4194 622 4241 in
634 4198 733 4254 tempus
748 4192 851 4241 differas
868 4189 1054 4255 opportunum!

107 4279 169 4328 erga
187 4278 248 4314 suos
266 4263 408 4314 vassallos!
450 4263 482 4312 In
501 4265 522 4313 it
538 4263 569 4312 he
934 4336 950 4380 2

905 4344 922 4380 u
