2864 4866
434 430 575 479 rrouus
598 430 865 480 ursronmnuu.
1062 414 1127 480 139

176 590 459 655 hamtunensibus
492 591 585 674 cepit
611 592 653 655 dc
676 591 809 655 auxilio
835 590 928 655 millo
960 591 1065 655 libras
1093 598 1128 656 et
1140 607 1195 647 an·
1207 608 1262 646 ¹²22-

175 691 354 767 ducentas,
385 697 511 774 praeter
543 691 700 773 quintam
729 692 909 768 decimam,
941 711 1044 774 quam
1068 711 1127 774 ge-

177 791 341 856 neraliter
361 811 480 856 omnes
505 791 547 856 de
572 810 679 873 regno
704 791 845 874 Angliae
869 793 1126 875 persolvebant.

177 890 355 975 Compulsi
368 899 451 957 sunt
465 893 569 957 etiam
584 893 650 957 viri
664 893 817 974 religiosi
840 900 875 957 et
891 893 1006 956 clerici
1023 894 1127 958 bene-

179 992 284 1056 ficiati
306 992 395 1057 hanc
417 994 573 1077 quintam
596 992 763 1057 decimam
784 992 866 1058 dare
889 995 1040 1057 omnium
1065 996 1127 1059 bo·

178 1112 299 1157 norum
311 1112 464 1171 suornm,
478 1101 550 1158 tam
567 1113 680 1158 rerum
694 1093 1006 1158 ecclesiasticarum
1023 1113 1126 1177 quam

178 1192 363 1273 laicarum
390 1213 452 1259 uec
472 1193 601 1277 profuit
615 1195 665 1258 eis
686 1193 874 1276 appellatio
891 1194 935 1258 ad
951 1195 1127 1258 dominum

178 1312 303 1377 papam
333 1294 549 1377 interposita,
577 1293 652 1371 sed,
684 1293 804 1358 ordine
836 1295 989 1370 turbato,
1017 1294 1128 1359 archi-

178 1394 330 1478 episcopi
353 1401 389 1459 ot
403 1395 570 1478 episcopi,
586 1395 794 1459 auctoritate
812 1395 942 1478 papali,
961 1414 1023 1478 per
1047 1414 1127 1460 cen·

179 1513 294 1559 suram
321 1495 600 1572 ecclesiasticam,
631 1513 719 1578 quos
752 1495 842 1559 laica
871 1501 1027 1577 potestas
1059 1516 1128 1560 non

178 1595 303 1677 potuit,
341 1595 386 1660 ad
420 1596 626 1660 solutionem
663 1595 756 1659 omni
786 1595 972 1661 destitutos
1003 1595 1128 1661 solatio

179 1695 427 1779 compulerunt.

213 1869 364 1949 Quomodo
380 1891 434 1934 rec
449 1871 484 1935 iar
501 1868 629 1935 camillo
643 1869 734 1955 apud
749 1870 902 1935 Osculum
918 1870 1021 1937 latito
1027 1872 1109 1957 fecit

405 1970 576 2034 macellae
592 1980 699 2035 curtos
713 1969 900 2035 libertatem.

242 2094 373 2161 Eodem
388 2102 543 2179 tempore
558 2115 621 2160 rex
638 2091 848 2177 Anglornm,
864 2115 981 2162 mense
997 2097 1128 2161 Febru-
1141 2116 1228 2158 consu
1241 2117 1291 2158 nna

181 2198 255 2263 ario
280 2197 374 2280 apud
392 2196 564 2262 Oxoniam
590 2197 735 2261 concilio
754 2204 979 2279 congregato,
999 2169 1256 2262 denua-'‘⁰¹‘⁰¹‘¹'

181 2297 282 2362 tiavit
297 2317 414 2363 coram
428 2298 586 2362 omnibus
603 2317 641 2361 se
657 2297 821 2379 legitimae
843 2316 920 2361 esse
942 2298 1070 2376 aetatis,
1090 2307 1129 2364 ut

181 2397 223 2462 de
239 2405 367 2463 caetero
383 2397 517 2463 solutus
544 2417 566 2460 a
585 2398 745 2462 custodia
768 2399 865 2480 regia
891 2401 1031 2480 negotia
1053 2401 1128 2483 ipse

182 2498 419 2582 principaliter
432 2497 630 2576 ordinaret3
657 2505 691 2562 et
707 2498 758 2561 sic
779 2499 841 2581 qui
861 2499 957 2581 prius
979 2506 1128 2563 tutorem

182 2598 302 2663 habuit
343 2606 378 2663 et
412 2606 578 2663 rectorem
611 2597 823 2662 Willelmum
859 2598 1129 2663 Mareschallum

180 2698 262 2764 dum
286 2699 430 2777 viveret,
453 2705 489 2763 et
507 2698 727 2781 postmodum
744 2697 1129 2776 Petrum,Wintonien-

181 2819 254 2864 sem
280 2799 492 2883 episcopum,
518 2799 673 2863 excussit
699 2818 738 2862 se
763 2818 825 2881 per
845 2798 1024 2863 consilium
1049 2799 1128 2863 Hu-

181 2900 269 2964 berti
297 2900 343 2964 de
368 2899 500 2982 Burgo,
517 2898 704 2983 justiciarii
724 2900 834 2980 regni,
856 2898 898 2962 de
923 2899 1067 2962 consilio
1094 2907 1130 2964 et

181 2999 431 3082 gubernatione
459 2999 542 3064 dicti
569 2997 723 3082 episcopi
747 3004 783 3061 et
802 3017 954 3075 suorum,
977 3000 1037 3080 qui
1056 2999 1130 3080 regi

183 3099 320 3165 fuerant
343 3100 439 3183 prius
468 3099 568 3183 quasi
600 3098 795 3182 paedagogi,
819 3098 869 3161 ita
893 3097 986 3179 quod
1010 3116 1129 3161 omnes

184 3200 263 3265 illos
284 3219 306 3265 a
324 3200 421 3266 curia
443 3218 509 3264 sua
533 3205 569 3263 et
589 3198 847 3263 cohabitatione
877 3197 1034 3260 removit.
1086 3195 1129 3260 In

182 3301 301 3365 eodem
326 3300 445 3383 itaque
466 3299 611 3364 concilio
636 3298 726 3363 idem
754 3317 817 3360 rex
840 3297 921 3361 fecit
940 3295 1131 3360 cancellare

183 3407 219 3465 et
238 3418 376 3466 cassare
396 3418 515 3464 omues
536 3397 676 3463 chartas
698 3398 741 3462 de
762 3385 947 3481 provinciis
972 3396 1131 3461 omnibus

185 3501 283 3583 regni
307 3499 447 3583 Angliae
467 3501 509 3564 de
533 3499 751 3564 libertatibus
784 3496 924 3561 forestae
946 3502 1130 3579 postquam

180 3599 256 3684 jam
271 3590 333 3684 per
346 3600 520 3665 biennium
538 3600 574 3664 in
590 3606 665 3663 toto
686 3617 794 3679 regno
815 3597 952 3661 fuerant
974 3596 1130 3678 usitatae3

183 3699 273 3764 hanc
297 3700 513 3765 occasionem
541 3697 771 3782 praetendere,
794 3697 886 3780 quod
909 3697 1039 3762 chartae
1062 3697 1131 3760 illae

182 3820 355 3866 concessae
369 3800 517 3876 fuerant,
530 3806 566 3864 et
575 3799 753 3863 libertates
770 3799 908 3881 scriptae
922 3804 957 3861 et
971 3796 1131 3879 signatae,

184 3900 265 3964 dum
297 3902 373 3984 ipse
408 3908 484 3965 erat
509 3901 574 3965 sub
601 3898 771 3977 custodia,
804 3918 867 3962 nec
897 3898 951 3961 sui
978 3897 1132 3979 corporis

185 4007 247 4066 aut
275 4000 381 4084 sigilli
415 4001 567 4086 aliquam
601 4000 761 4064 habuerit
793 4004 1013 4081 potestatem,
1043 3998 1133 4061 unde

185 4100 316 4166 viribus
342 4120 460 4167 carcre
482 4100 612 4178 debuit,
641 4100 732 4183 quod
763 4099 836 4162 sine
863 4099 996 4162 ratione
1023 4098 1135 4161 lucrat

186 4209 402 4286 usurpatum.
451 4203 560 4267 Facta
582 4209 634 4266 est
658 4206 772 4265 autem
795 4219 898 4283 super
920 4199 973 4262 his
995 4200 1031 4263 in
1054 4217 1134 4261 con-
