2864 4866
417 408 554 456 cnonas
578 408 848 457 ursronrnnun.
1065 393 1108 458 29
1213 452 1215 455 ,

159 571 296 642 verunt,
323 565 366 628 ad
400 584 496 629 arma
518 567 704 648 prosiliunt
726 574 761 631 et
784 567 940 632 hostibus
962 568 1108 632 viriliter
1121 581 1176 620 Ab·
1189 578 1244 620 121⁷·

160 666 373 729 restiterunt.
438 665 621 749 Philippus
652 687 789 751 quoque
812 668 854 731 de
880 665 1050 732 Albeneio
1074 676 1109 733 et

159 765 342 843 balistarii,
374 785 452 831 cum
488 767 693 848 sagittariis,
726 769 815 832 inter
852 769 1005 832 Francos
1038 770 1108 833 tela

160 865 339 930 mortifera
360 865 547 947 dirigentes
577 868 718 930 nimiam
744 888 795 932 ex
827 869 1044 932 obstantibus
1073 870 1110 932 in

160 967 258 1030 brevi
289 972 441 1047 stragem
474 966 640 1032 fecerunt.
660 994 663 999 ¹
680 974 683 979 ’
701 966 910 1032 Habuerunt
940 976 1109 1050 praeterea

161 1065 292 1146 galeias
318 1066 408 1130 ferro
434 1073 614 1144 rostratas
641 1067 766 1149 quibus
788 1088 895 1132 naves
918 1069 1109 1133 adversari·

160 1185 258 1230 orum
288 1165 505 1248 perforantes
536 1167 663 1231 multos
689 1169 724 1230 in
752 1176 925 1233 momento
954 1171 1109 1233 submer-

161 1274 307 1345 serunt3
343 1266 472 1331 calcem
502 1286 639 1351 quoque
665 1268 781 1349 vivam
807 1276 843 1332 et
869 1269 904 1331 in
932 1269 1108 1351 pulverem

162 1366 337 1430 redactam
359 1367 396 1430 in
418 1367 526 1431 altum
552 1368 787 1452 projicientes
810 1376 914 1434 vento
942 1369 1037 1433 illam
1060 1370 1109 1432 fe-

161 1474 274 1542 rente,
300 1467 517 1552 Francorum
551 1468 669 1532 oculos
708 1476 982 1534 excaecaverunt.
1052 1469 1111 1535 Fit

162 1567 388 1653 grauissimus
416 1568 508 1632 inter
535 1575 651 1650 partes
683 1569 877 1646 conflictus,
908 1570 968 1633 sed
994 1576 1111 1634 tamen

163 1685 243 1746 pars
267 1667 491 1744 Francorum,
515 1687 659 1750 quorum
681 1688 765 1733 usus
796 1690 864 1733 non
887 1670 1001 1735 fuerat
1023 1690 1111 1753 prae-

163 1764 245 1829 lium
278 1768 401 1832 navale
432 1787 624 1845 conserere,
655 1770 691 1832 iu
721 1770 818 1834 brevi
851 1777 927 1834 erat
953 1769 1110 1834 funditus

163 1865 362 1944 infirmata;
409 1888 490 1931 nam
524 1870 567 1932 ab
599 1867 725 1954 Anglis
755 1869 980 1934 bellatoribus
1013 1877 1047 1934 et
1074 1871 1109 1933 in

164 1967 281 2030 navali
315 1968 434 2050 praelio
472 1968 615 2032 eruditis
647 1969 725 2033 telis
761 1969 1046 2034 confodiebantur
1076 1978 1112 2033 et

166 2068 316 2148 sagittis
353 2068 482 2132 lancois
514 2068 779 2153 jugulabantur,
813 2069 937 2152 gladiis
972 2077 1111 2133 trunca-

164 2168 303 2245 bantur,
326 2168 472 2234 navibus
498 2169 681 2251 perforatis
703 2170 1024 2252 submergebantur,
1047 2190 1110 2234 nec

144 2274 240 2332 'orat
262 2287 342 2352 spes
373 2269 446 2333 ulla
479 2269 705 2352 Francigenis
733 2270 913 2347 evadendi,
936 2270 1039 2347 unde,
1068 2291 1110 2335 ne

166 2376 371 2451 caperentur
393 2370 436 2432 ab
459 2369 616 2434 hostibus
634 2371 717 2448 vivi,
737 2378 860 2453 sponte
886 2390 962 2435 sese
979 2371 1014 2434 in
1037 2390 1110 2434 ma·
1149 2369 1152 2373 ’

165 2469 213 2552 ris
239 2468 401 2533 fluctibus
427 2469 659 2554 projecerunt,
682 2471 850 2552 ‘eligentes
878 2472 993 2553 potius
1025 2471 1112 2536 mori

165 2587 269 2650 quam
287 2570 331 2632 ab
349 2568 557 2652 Angligenis
576 2571 765 2655 subjugari.
793 2597 796 2600 ⁴
820 2570 987 2635 Omnibus
1006 2570 1113 2653 igitur

165 2669 361 2753 subjugatis
384 2671 443 2752 qui
467 2671 538 2735 vivi
560 2678 798 2735 remanserant
819 2692 864 2735 ex
887 2671 1112 2735 nobilioribus

167 2768 404 2851 Francigenis,
422 2770 570 2834 victores
586 2768 695 2852 Angli
718 2790 825 2864 nares
844 2790 963 2835 omues
981 2771 1111 2836 viribus

165 2870 325 2934 obtentas
357 2869 496 2933 funibus
529 2870 752 2952 colligabant,
786 2879 891 2955 atque
924 2890 1002 2934 cum
1029 2871 1113 2936 laeta

164 2968 312 3034 victoria
323 2989 444 3034 versus
460 2971 634 3035 Doveram
653 2991 794 3053 aequnra
808 2972 982 3035 sulcantes
998 2971 1112 3034 Deum

164 3070 302 3134 in‘suis
332 3071 494 3153 operibus
524 3071 779 3135 collaudabant.
832 3071 1001 3135 Videntes
1030 3091 1113 3153 ergo

165 3170 291 3235 milites
309 3169 442 3235 castelli
463 3171 675 3253 inopinatam
692 3171 760 3234 Dei
774 3172 936 3235 virtutem
953 3170 1113 3234 exierunt

164 3270 303 3335 obviam
325 3271 543 3336 venientibus
565 3269 703 3353 Anglis,
729 3277 833 3353 atque
861 3269 984 3335 Gallos
1006 3271 1113 3335 male·

164 3369 295 3434 fatatos
315 3370 462 3435 vinculis
484 3371 689 3435 arctioribus
708 3372 999 3436 constrinxerunt.
1054 3371 1113 3451 ln-

163 3477 219 3555 ter
237 3478 381 3534 caeteros
403 3477 519 3534 autem
540 3471 582 3535 de
604 3471 711 3536 fundo
732 3471 910 3556 cujusdam
932 3472 1031 3553 navis
1052 3491 1113 3535 ex-

164 3577 297 3634 tractus
326 3568 391 3647 est,
416 3570 474 3633 diu
503 3572 670 3654 quaesitus
693 3573 754 3636 sed
775 3571 915 3635 tandem
943 3579 1112 3655 repertnS,
1190 3632 1192 3636 ,

165 3670 374 3734 Eustachins
397 3670 604 3748 Monachus,
627 3672 782 3755 proditor
803 3672 896 3754 regis
916 3669 1055 3754 Angliae
1078 3681 1113 3736 et

164 3771 278 3853 pirata
304 3770 547 3854 nequissimus,
579 3773 651 3854 qui,
684 3791 762 3835 cum
791 3791 829 3835 se
862 3769 1112 3854 deprehensum

162 3871 395 3952 cognovisset,
430 3870 554 3934 obtulit
585 3891 647 3953 pro
678 3873 752 3936 vita
788 3890 852 3936 sua
886 3879 927 3935 et.
952 3873 1112 3937 membris

165 3977 328 4052 magnam
355 3971 510 4053 pecuniae
538 3973 780 4054 quantitatem,
808 3978 844 4036 et
866 3971 957 4055 quod
981 3972 1024 4037 de
1046 3992 1114 4036 cae·

163 4078 241 4136 tero
255 4073 319 4134 sub
333 4090 414 4152 rege
430 4068 623 4152 Anglorum
642 4072 789 4136 fideliter
803 4071 988 4150 militaret3
1012 4092 1115 4154 quem

165 4172 334 4258 arripiens
366 4170 575 4248 Richardns,
607 4171 697 4235 filius
729 4172 820 4254 regis
852 4170 1023 4256 Jnhapnis
1054 4191 1116 4236 no·
