<?xml version="1.0" encoding="UTF-8"?>
<!DOCTYPE html PUBLIC "-//W3C//DTD XHTML 1.0 Transitional//EN"
    "http://www.w3.org/TR/xhtml1/DTD/xhtml1-transitional.dtd">
<html xmlns="http://www.w3.org/1999/xhtml" xml:lang="en" lang="en">
 <head>
  <title>
</title>
<meta http-equiv="Content-Type" content="text/html;charset=utf-8" />
  <meta name='ocr-system' content='tesseract 3.04.00' />
  <meta name='ocr-capabilities' content='ocr_page ocr_carea ocr_par ocr_line ocrx_word'/>
</head>
<body>
  <div class='ocr_page' id='page_1' title='image "./rogeridewendove03rogegoog_0307.png"; bbox 0 0 2864 4866; ppageno 0'>
   <div class='ocr_carea' id='block_1_1' title="bbox 209 589 346 788">
    <p class='ocr_par' dir='ltr' id='par_1_1' title="bbox 209 589 346 788">
     <span class='ocr_line' id='line_1_1' title="bbox 209 589 331 628; baseline -0.025 0"><span class='ocrx_word' id='word_1_1' title='bbox 209 589 263 628; x_wconf 71' lang='lat' dir='ltr'>ab.</span> <span class='ocrx_word' id='word_1_2' title='bbox 277 591 331 628; x_wconf 80' lang='lat'>12³4.</span> 
     </span>
     <span class='ocr_line' id='line_1_2' title="bbox 211 639 302 678; baseline -0.011 0"><span class='ocrx_word' id='word_1_3' title='bbox 211 639 302 678; x_wconf 82' lang='lat' dir='ltr'>Remen-</span> 
     </span>
     <span class='ocr_line' id='line_1_3' title="bbox 210 688 325 728; baseline -0.009 -1"><span class='ocrx_word' id='word_1_4' title='bbox 210 695 293 728; x_wconf 80' lang='lat' dir='ltr'>strance</span> <span class='ocrx_word' id='word_1_5' title='bbox 301 688 325 727; x_wconf 80' lang='lat' dir='ltr'>ot</span> 
     </span>
     <span class='ocr_line' id='line_1_4' title="bbox 209 738 346 788; baseline 0 -10"><span class='ocrx_word' id='word_1_6' title='bbox 209 738 245 778; x_wconf 81' lang='lat' dir='ltr'>the</span> <span class='ocrx_word' id='word_1_7' title='bbox 254 739 346 788; x_wconf 81' lang='lat' dir='ltr'>blshops.</span> 
     </span>
    </p>
   </div>
   <div class='ocr_carea' id='block_1_2' title="bbox 368 400 1051 464">
    <p class='ocr_par' dir='ltr' id='par_1_2' title="bbox 368 400 1051 464">
     <span class='ocr_line' id='line_1_5' title="bbox 368 400 1051 464; baseline -0.007 0"><span class='ocrx_word' id='word_1_8' title='bbox 368 400 433 464; x_wconf 83' lang='lat'>296</span> <span class='ocrx_word' id='word_1_9' title='bbox 616 413 749 460; x_wconf 78' lang='lat' dir='ltr'>uocaui</span> <span class='ocrx_word' id='word_1_10' title='bbox 776 414 821 458; x_wconf 83' lang='lat' dir='ltr'>nu</span> <span class='ocrx_word' id='word_1_11' title='bbox 845 413 1051 460; x_wconf 81' lang='lat' dir='ltr'>wnunovna</span> 
     </span>
    </p>
   </div>
   <div class='ocr_carea' id='block_1_3' title="bbox 363 571 1321 4234">
    <p class='ocr_par' dir='ltr' id='par_1_3' title="bbox 363 571 1321 4234">
     <span class='ocr_line' id='line_1_6' title="bbox 372 571 1318 653; baseline -0.004 -17"><span class='ocrx_word' id='word_1_12' title='bbox 372 572 518 636; x_wconf 78' lang='lat' dir='ltr'>didistis</span> <span class='ocrx_word' id='word_1_13' title='bbox 574 573 675 649; x_wconf 89' lang='lat' dir='ltr'>Item,</span> <span class='ocrx_word' id='word_1_14' title='bbox 692 573 753 635; x_wconf 92' lang='lat' dir='ltr'>illa</span> <span class='ocrx_word' id='word_1_15' title='bbox 776 572 1002 653; x_wconf 84' lang='lat' dir='ltr'>perturbatio,</span> <span class='ocrx_word' id='word_1_16' title='bbox 1018 589 1096 652; x_wconf 87' lang='lat' dir='ltr'>quae</span> <span class='ocrx_word' id='word_1_17' title='bbox 1118 591 1209 633; x_wconf 89' lang='lat' dir='ltr'>nunc</span> <span class='ocrx_word' id='word_1_18' title='bbox 1226 571 1318 652; x_wconf 89' lang='lat' dir='ltr'>peri·</span> 
     </span>
     <span class='ocr_line' id='line_1_7' title="bbox 372 670 1318 753; baseline -0.003 -17"><span class='ocrx_word' id='word_1_19' title='bbox 372 673 490 736; x_wconf 83' lang='lat' dir='ltr'>culosa</span> <span class='ocrx_word' id='word_1_20' title='bbox 513 682 567 736; x_wconf 88' lang='lat' dir='ltr'>est</span> <span class='ocrx_word' id='word_1_21' title='bbox 593 673 628 735; x_wconf 91' lang='lat' dir='ltr'>in</span> <span class='ocrx_word' id='word_1_22' title='bbox 651 691 757 753; x_wconf 81' lang='lat' dir='ltr'>regno</span> <span class='ocrx_word' id='word_1_23' title='bbox 780 677 908 747; x_wconf 88' lang='lat' dir='ltr'>vestro,</span> <span class='ocrx_word' id='word_1_24' title='bbox 935 689 996 752; x_wconf 87' lang='lat' dir='ltr'>per</span> <span class='ocrx_word' id='word_1_25' title='bbox 1021 689 1138 734; x_wconf 89' lang='lat' dir='ltr'>eorum</span> <span class='ocrx_word' id='word_1_26' title='bbox 1162 670 1318 752; x_wconf 89' lang='lat' dir='ltr'>iniquum</span> 
     </span>
     <span class='ocr_line' id='line_1_8' title="bbox 374 769 1320 852; baseline -0.001 -17"><span class='ocrx_word' id='word_1_27' title='bbox 374 772 554 835; x_wconf 88' lang='lat' dir='ltr'>consilium</span> <span class='ocrx_word' id='word_1_28' title='bbox 576 772 723 850; x_wconf 84' lang='lat' dir='ltr'>accidit3</span> <span class='ocrx_word' id='word_1_29' title='bbox 753 770 847 852; x_wconf 89' lang='lat' dir='ltr'>quia,</span> <span class='ocrx_word' id='word_1_30' title='bbox 870 771 900 833; x_wconf 92' lang='lat' dir='ltr'>si</span> <span class='ocrx_word' id='word_1_31' title='bbox 920 789 982 851; x_wconf 89' lang='lat' dir='ltr'>per</span> <span class='ocrx_word' id='word_1_32' title='bbox 999 769 1173 852; x_wconf 89' lang='lat' dir='ltr'>justitiam</span> <span class='ocrx_word' id='word_1_33' title='bbox 1193 777 1228 832; x_wconf 87' lang='lat' dir='ltr'>et</span> <span class='ocrx_word' id='word_1_34' title='bbox 1245 789 1320 834; x_wconf 87' lang='lat' dir='ltr'>reo·</span> 
     </span>
     <span class='ocr_line' id='line_1_9' title="bbox 374 868 1319 954; baseline -0.001 -20"><span class='ocrx_word' id='word_1_35' title='bbox 374 878 447 934; x_wconf 90' lang='lat' dir='ltr'>tum</span> <span class='ocrx_word' id='word_1_36' title='bbox 474 870 644 954; x_wconf 90' lang='lat' dir='ltr'>judicium</span> <span class='ocrx_word' id='word_1_37' title='bbox 678 879 779 934; x_wconf 84' lang='lat' dir='ltr'>terrae</span> <span class='ocrx_word' id='word_1_38' title='bbox 810 870 950 933; x_wconf 86' lang='lat' dir='ltr'>tractati</span> <span class='ocrx_word' id='word_1_39' title='bbox 982 868 1128 932; x_wconf 81' lang='lat' dir='ltr'>fuissent</span> <span class='ocrx_word' id='word_1_40' title='bbox 1161 868 1319 933; x_wconf 88' lang='lat' dir='ltr'>homines</span> 
     </span>
     <span class='ocr_line' id='line_1_10' title="bbox 374 967 1319 1046; baseline -0.002 -12"><span class='ocrx_word' id='word_1_41' title='bbox 374 971 494 1046; x_wconf 84' lang='lat' dir='ltr'>vestri,</span> <span class='ocrx_word' id='word_1_42' title='bbox 521 990 590 1033; x_wconf 91' lang='lat' dir='ltr'>non</span> <span class='ocrx_word' id='word_1_43' title='bbox 613 971 784 1034; x_wconf 88' lang='lat' dir='ltr'>evenisset</span> <span class='ocrx_word' id='word_1_44' title='bbox 812 970 881 1031; x_wconf 87' lang='lat' dir='ltr'>ista</span> <span class='ocrx_word' id='word_1_45' title='bbox 900 968 1064 1045; x_wconf 86' lang='lat' dir='ltr'>turbatio,</span> <span class='ocrx_word' id='word_1_46' title='bbox 1089 975 1124 1031; x_wconf 85' lang='lat' dir='ltr'>et</span> <span class='ocrx_word' id='word_1_47' title='bbox 1144 967 1319 1032; x_wconf 87' lang='lat' dir='ltr'>haberetis</span> 
     </span>
     <span class='ocr_line' id='line_1_11' title="bbox 374 1067 1317 1148; baseline -0.001 -16"><span class='ocrx_word' id='word_1_48' title='bbox 374 1076 484 1132; x_wconf 87' lang='lat' dir='ltr'>terras</span> <span class='ocrx_word' id='word_1_49' title='bbox 507 1075 640 1132; x_wconf 87' lang='lat' dir='ltr'>vestras</span> <span class='ocrx_word' id='word_1_50' title='bbox 670 1088 740 1131; x_wconf 93' lang='lat' dir='ltr'>non</span> <span class='ocrx_word' id='word_1_51' title='bbox 766 1067 960 1131; x_wconf 89' lang='lat' dir='ltr'>destructas</span> <span class='ocrx_word' id='word_1_52' title='bbox 987 1075 1022 1130; x_wconf 87' lang='lat' dir='ltr'>et</span> <span class='ocrx_word' id='word_1_53' title='bbox 1044 1067 1215 1148; x_wconf 87' lang='lat' dir='ltr'>integrum</span> <span class='ocrx_word' id='word_1_54' title='bbox 1240 1068 1317 1131; x_wconf 90' lang='lat' dir='ltr'>the·</span> 
     </span>
     <span class='ocr_line' id='line_1_12' title="bbox 374 1165 1320 1248; baseline 0.002 -18"><span class='ocrx_word' id='word_1_55' title='bbox 374 1187 514 1231; x_wconf 79' lang='lat' dir='ltr'>sautum</span> <span class='ocrx_word' id='word_1_56' title='bbox 529 1175 691 1232; x_wconf 88' lang='lat' dir='ltr'>vestrum.</span> <span class='ocrx_word' id='word_1_57' title='bbox 746 1166 848 1243; x_wconf 86' lang='lat' dir='ltr'><strong>Item,</strong></span> <span class='ocrx_word' id='word_1_58' title='bbox 865 1168 902 1230; x_wconf 93' lang='lat' dir='ltr'>in</span> <span class='ocrx_word' id='word_1_59' title='bbox 919 1166 985 1229; x_wconf 87' lang='lat' dir='ltr'>fide</span> <span class='ocrx_word' id='word_1_60' title='bbox 1001 1165 1157 1241; x_wconf 87' lang='lat' dir='ltr'><strong>dicimus,</strong></span> <span class='ocrx_word' id='word_1_61' title='bbox 1174 1185 1245 1248; x_wconf 92' lang='lat' dir='ltr'>qua</span> <span class='ocrx_word' id='word_1_62' title='bbox 1257 1188 1320 1232; x_wconf 88' lang='lat' dir='ltr'>vo·</span> 
     </span>
     <span class='ocr_line' id='line_1_13' title="bbox 373 1265 1320 1349; baseline 0.001 -19"><span class='ocrx_word' id='word_1_63' title='bbox 373 1268 426 1330; x_wconf 90' lang='lat' dir='ltr'>bis</span> <span class='ocrx_word' id='word_1_64' title='bbox 442 1275 608 1343; x_wconf 89' lang='lat' dir='ltr'>tenemur,</span> <span class='ocrx_word' id='word_1_65' title='bbox 624 1267 707 1349; x_wconf 90' lang='lat' dir='ltr'>quia</span> <span class='ocrx_word' id='word_1_66' title='bbox 729 1265 907 1330; x_wconf 92' lang='lat' dir='ltr'>consilium</span> <span class='ocrx_word' id='word_1_67' title='bbox 925 1272 1077 1329; x_wconf 88' lang='lat' dir='ltr'>vestrum</span> <span class='ocrx_word' id='word_1_68' title='bbox 1100 1284 1169 1328; x_wconf 92' lang='lat' dir='ltr'>non</span> <span class='ocrx_word' id='word_1_69' title='bbox 1187 1274 1240 1329; x_wconf 89' lang='lat' dir='ltr'>est</span> <span class='ocrx_word' id='word_1_70' title='bbox 1257 1288 1320 1349; x_wconf 91' lang='lat' dir='ltr'>pa-</span> 
     </span>
     <span class='ocr_line' id='line_1_14' title="bbox 374 1365 1319 1449; baseline 0.002 -20"><span class='ocrx_word' id='word_1_71' title='bbox 374 1367 435 1444; x_wconf 74' lang='lat' dir='ltr'>ciS,</span> <span class='ocrx_word' id='word_1_72' title='bbox 458 1367 519 1430; x_wconf 89' lang='lat' dir='ltr'>sed</span> <span class='ocrx_word' id='word_1_73' title='bbox 540 1365 807 1449; x_wconf 82' lang='lat' dir='ltr'>perturbationis</span> <span class='ocrx_word' id='word_1_74' title='bbox 830 1371 953 1444; x_wconf 85' lang='lat' dir='ltr'>terrae3</span> <span class='ocrx_word' id='word_1_75' title='bbox 984 1365 1067 1446; x_wconf 90' lang='lat' dir='ltr'>quia</span> <span class='ocrx_word' id='word_1_76' title='bbox 1093 1365 1143 1427; x_wconf 89' lang='lat' dir='ltr'>sic</span> <span class='ocrx_word' id='word_1_77' title='bbox 1164 1384 1319 1431; x_wconf 86' lang='lat' dir='ltr'>crescere</span> 
     </span>
     <span class='ocr_line' id='line_1_15' title="bbox 373 1463 1321 1548; baseline 0.002 -21"><span class='ocrx_word' id='word_1_78' title='bbox 373 1466 507 1542; x_wconf 89' lang='lat' dir='ltr'>volunt,</span> <span class='ocrx_word' id='word_1_79' title='bbox 523 1467 581 1547; x_wconf 93' lang='lat' dir='ltr'>qui</span> <span class='ocrx_word' id='word_1_80' title='bbox 601 1485 663 1548; x_wconf 88' lang='lat' dir='ltr'>per</span> <span class='ocrx_word' id='word_1_81' title='bbox 679 1483 800 1547; x_wconf 83' lang='lat' dir='ltr'>pacem</span> <span class='ocrx_word' id='word_1_82' title='bbox 824 1484 891 1527; x_wconf 90' lang='lat' dir='ltr'>non</span> <span class='ocrx_word' id='word_1_83' title='bbox 908 1471 1064 1546; x_wconf 88' lang='lat' dir='ltr'>possunt,</span> <span class='ocrx_word' id='word_1_84' title='bbox 1083 1463 1242 1528; x_wconf 86' lang='lat' dir='ltr'>videlicet</span> <span class='ocrx_word' id='word_1_85' title='bbox 1258 1485 1321 1548; x_wconf 92' lang='lat' dir='ltr'>per</span> 
     </span>
     <span class='ocr_line' id='line_1_16' title="bbox 375 1563 1318 1646; baseline 0.003 -20"><span class='ocrx_word' id='word_1_86' title='bbox 375 1567 472 1644; x_wconf 82' lang='lat' dir='ltr'>regni</span> <span class='ocrx_word' id='word_1_87' title='bbox 506 1565 798 1646; x_wconf 85' lang='lat' dir='ltr'>perturbationem</span> <span class='ocrx_word' id='word_1_88' title='bbox 830 1569 865 1626; x_wconf 92' lang='lat' dir='ltr'>et</span> <span class='ocrx_word' id='word_1_89' title='bbox 890 1564 1035 1627; x_wconf 89' lang='lat' dir='ltr'>aliorum</span> <span class='ocrx_word' id='word_1_90' title='bbox 1067 1563 1318 1629; x_wconf 85' lang='lat' dir='ltr'>exhaeredatio-</span> 
     </span>
     <span class='ocr_line' id='line_1_17' title="bbox 374 1662 1317 1745; baseline 0.004 -20"><span class='ocrx_word' id='word_1_91' title='bbox 374 1684 463 1727; x_wconf 89' lang='lat' dir='ltr'>nem.</span> <span class='ocrx_word' id='word_1_92' title='bbox 515 1662 615 1738; x_wconf 84' lang='lat' dir='ltr'>Item,</span> <span class='ocrx_word' id='word_1_93' title='bbox 633 1663 716 1745; x_wconf 90' lang='lat' dir='ltr'>quia</span> <span class='ocrx_word' id='word_1_94' title='bbox 732 1663 876 1726; x_wconf 86' lang='lat' dir='ltr'>castella</span> <span class='ocrx_word' id='word_1_95' title='bbox 892 1671 1008 1727; x_wconf 88' lang='lat' dir='ltr'>vestra</span> <span class='ocrx_word' id='word_1_96' title='bbox 1031 1670 1066 1726; x_wconf 90' lang='lat' dir='ltr'>et</span> <span class='ocrx_word' id='word_1_97' title='bbox 1083 1663 1317 1729; x_wconf 83' lang='lat' dir='ltr'>tortitudinem</span> 
     </span>
     <span class='ocr_line' id='line_1_18' title="bbox 374 1762 1318 1845; baseline 0.004 -19"><span class='ocrx_word' id='word_1_98' title='bbox 374 1769 475 1826; x_wconf 86' lang='lat' dir='ltr'>terrae</span> <span class='ocrx_word' id='word_1_99' title='bbox 493 1770 618 1826; x_wconf 86' lang='lat' dir='ltr'>vestrae</span> <span class='ocrx_word' id='word_1_100' title='bbox 633 1762 760 1826; x_wconf 89' lang='lat' dir='ltr'>habent</span> <span class='ocrx_word' id='word_1_101' title='bbox 773 1763 809 1825; x_wconf 90' lang='lat' dir='ltr'>in</span> <span class='ocrx_word' id='word_1_102' title='bbox 827 1782 931 1826; x_wconf 90' lang='lat' dir='ltr'>manu</span> <span class='ocrx_word' id='word_1_103' title='bbox 947 1781 1021 1838; x_wconf 90' lang='lat' dir='ltr'>sua,</span> <span class='ocrx_word' id='word_1_104' title='bbox 1038 1763 1138 1844; x_wconf 86' lang='lat' dir='ltr'>quasi</span> <span class='ocrx_word' id='word_1_105' title='bbox 1155 1762 1198 1827; x_wconf 89' lang='lat' dir='ltr'>de</span> <span class='ocrx_word' id='word_1_106' title='bbox 1216 1775 1318 1845; x_wconf 81' lang='lat' dir='ltr'>gente</span> 
     </span>
     <span class='ocr_line' id='line_1_19' title="bbox 374 1860 1316 1944; baseline 0.002 -19"><span class='ocrx_word' id='word_1_107' title='bbox 374 1870 490 1925; x_wconf 89' lang='lat' dir='ltr'>vestra</span> <span class='ocrx_word' id='word_1_108' title='bbox 502 1860 654 1926; x_wconf 83' lang='lat' dir='ltr'>diffidere</span> <span class='ocrx_word' id='word_1_109' title='bbox 671 1862 835 1926; x_wconf 77' lang='lat' dir='ltr'>debeatis</span> <span class='ocrx_word' id='word_1_110' title='bbox 890 1862 991 1939; x_wconf 90' lang='lat' dir='ltr'>Item,</span> <span class='ocrx_word' id='word_1_111' title='bbox 1006 1863 1088 1944; x_wconf 88' lang='lat' dir='ltr'>quia</span> <span class='ocrx_word' id='word_1_112' title='bbox 1103 1864 1316 1928; x_wconf 86' lang='lat' dir='ltr'>scaccarium</span> 
     </span>
     <span class='ocr_line' id='line_1_20' title="bbox 375 1962 1316 2026; baseline 0.002 -2"><span class='ocrx_word' id='word_1_113' title='bbox 375 1970 527 2025; x_wconf 89' lang='lat' dir='ltr'>vestrum</span> <span class='ocrx_word' id='word_1_114' title='bbox 549 1971 584 2025; x_wconf 90' lang='lat' dir='ltr'>et</span> <span class='ocrx_word' id='word_1_115' title='bbox 599 1981 717 2025; x_wconf 87' lang='lat' dir='ltr'>omnes</span> <span class='ocrx_word' id='word_1_116' title='bbox 741 1962 916 2026; x_wconf 83' lang='lat' dir='ltr'>custodias</span> <span class='ocrx_word' id='word_1_117' title='bbox 942 1968 977 2026; x_wconf 87' lang='lat' dir='ltr'>et</span> <span class='ocrx_word' id='word_1_118' title='bbox 994 1962 1180 2026; x_wconf 85' lang='lat' dir='ltr'>excbaetas</span> <span class='ocrx_word' id='word_1_119' title='bbox 1204 1965 1316 2026; x_wconf 86' lang='lat' dir='ltr'>maxi-</span> 
     </span>
     <span class='ocr_line' id='line_1_21' title="bbox 374 2062 1316 2145; baseline 0.004 -21"><span class='ocrx_word' id='word_1_120' title='bbox 374 2081 449 2124; x_wconf 91' lang='lat' dir='ltr'>mas</span> <span class='ocrx_word' id='word_1_121' title='bbox 473 2063 601 2125; x_wconf 90' lang='lat' dir='ltr'>habent</span> <span class='ocrx_word' id='word_1_122' title='bbox 617 2063 653 2124; x_wconf 91' lang='lat' dir='ltr'>in</span> <span class='ocrx_word' id='word_1_123' title='bbox 675 2068 848 2145; x_wconf 86' lang='lat' dir='ltr'>potestate</span> <span class='ocrx_word' id='word_1_124' title='bbox 865 2081 940 2139; x_wconf 89' lang='lat' dir='ltr'>sua,</span> <span class='ocrx_word' id='word_1_125' title='bbox 962 2069 1009 2139; x_wconf 90' lang='lat' dir='ltr'>et,</span> <span class='ocrx_word' id='word_1_126' title='bbox 1027 2062 1199 2144; x_wconf 92' lang='lat' dir='ltr'>quomodo</span> <span class='ocrx_word' id='word_1_127' title='bbox 1217 2065 1316 2128; x_wconf 90' lang='lat' dir='ltr'>vobis</span> 
     </span>
     <span class='ocr_line' id='line_1_22' title="bbox 374 2161 1316 2245; baseline 0.002 -22"><span class='ocrx_word' id='word_1_128' title='bbox 374 2162 640 2244; x_wconf 89' lang='lat' dir='ltr'>respondebunt,</span> <span class='ocrx_word' id='word_1_129' title='bbox 659 2161 775 2225; x_wconf 86' lang='lat' dir='ltr'>scietis</span> <span class='ocrx_word' id='word_1_130' title='bbox 791 2169 924 2244; x_wconf 89' lang='lat' dir='ltr'>postea.</span> <span class='ocrx_word' id='word_1_131' title='bbox 977 2161 1079 2237; x_wconf 89' lang='lat' dir='ltr'>Item,</span> <span class='ocrx_word' id='word_1_132' title='bbox 1093 2162 1175 2243; x_wconf 90' lang='lat' dir='ltr'>quia</span> <span class='ocrx_word' id='word_1_133' title='bbox 1192 2182 1255 2245; x_wconf 90' lang='lat' dir='ltr'>per</span> <span class='ocrx_word' id='word_1_134' title='bbox 1270 2164 1316 2226; x_wconf 88' lang='lat' dir='ltr'>si-</span> 
     </span>
     <span class='ocr_line' id='line_1_23' title="bbox 374 2261 1316 2343; baseline 0.002 -19"><span class='ocrx_word' id='word_1_135' title='bbox 374 2262 495 2342; x_wconf 83' lang='lat' dir='ltr'>gillum</span> <span class='ocrx_word' id='word_1_136' title='bbox 512 2268 665 2326; x_wconf 88' lang='lat' dir='ltr'>vestrum</span> <span class='ocrx_word' id='word_1_137' title='bbox 680 2261 735 2326; x_wconf 86' lang='lat' dir='ltr'>vel</span> <span class='ocrx_word' id='word_1_138' title='bbox 754 2268 978 2343; x_wconf 68' lang='lat' dir='ltr'>praeceptum,</span> <span class='ocrx_word' id='word_1_139' title='bbox 994 2262 1067 2324; x_wconf 89' lang='lat' dir='ltr'>sine</span> <span class='ocrx_word' id='word_1_140' title='bbox 1084 2261 1200 2342; x_wconf 85' lang='lat' dir='ltr'>sigillo</span> <span class='ocrx_word' id='word_1_141' title='bbox 1218 2261 1316 2326; x_wconf 88' lang='lat' dir='ltr'>Petri</span> 
     </span>
     <span class='ocr_line' id='line_1_24' title="bbox 374 2360 1316 2443; baseline 0.004 -20"><span class='ocrx_word' id='word_1_142' title='bbox 374 2361 417 2423; x_wconf 94' lang='lat' dir='ltr'>de</span> <span class='ocrx_word' id='word_1_143' title='bbox 441 2361 590 2425; x_wconf 88' lang='lat' dir='ltr'>Rivallis</span> <span class='ocrx_word' id='word_1_144' title='bbox 612 2362 668 2425; x_wconf 88' lang='lat' dir='ltr'>vel</span> <span class='ocrx_word' id='word_1_145' title='bbox 691 2369 876 2443; x_wconf 87' lang='lat' dir='ltr'>praecepto,</span> <span class='ocrx_word' id='word_1_146' title='bbox 901 2362 960 2424; x_wconf 89' lang='lat' dir='ltr'>vix</span> <span class='ocrx_word' id='word_1_147' title='bbox 986 2360 1124 2442; x_wconf 89' lang='lat' dir='ltr'>aliquod</span> <span class='ocrx_word' id='word_1_148' title='bbox 1153 2380 1316 2442; x_wconf 85' lang='lat' dir='ltr'>magnum</span> 
     </span>
     <span class='ocr_line' id='line_1_25' title="bbox 375 2460 1315 2541; baseline 0.006 -21"><span class='ocrx_word' id='word_1_149' title='bbox 375 2460 549 2540; x_wconf 81' lang='lat' dir='ltr'>negotium</span> <span class='ocrx_word' id='word_1_150' title='bbox 577 2461 616 2524; x_wconf 87' lang='lat' dir='ltr'>fit</span> <span class='ocrx_word' id='word_1_151' title='bbox 637 2462 673 2524; x_wconf 91' lang='lat' dir='ltr'>in</span> <span class='ocrx_word' id='word_1_152' title='bbox 708 2479 827 2541; x_wconf 82' lang='lat' dir='ltr'>regno,</span> <span class='ocrx_word' id='word_1_153' title='bbox 860 2460 950 2523; x_wconf 92' lang='lat' dir='ltr'>unde</span> <span class='ocrx_word' id='word_1_154' title='bbox 978 2467 1115 2524; x_wconf 88' lang='lat' dir='ltr'>constat</span> <span class='ocrx_word' id='word_1_155' title='bbox 1136 2461 1227 2541; x_wconf 92' lang='lat' dir='ltr'>quod</span> <span class='ocrx_word' id='word_1_156' title='bbox 1252 2483 1315 2526; x_wconf 87' lang='lat' dir='ltr'>vos</span> 
     </span>
     <span class='ocr_line' id='line_1_26' title="bbox 375 2558 1314 2642; baseline 0.006 -23"><span class='ocrx_word' id='word_1_157' title='bbox 375 2577 442 2620; x_wconf 93' lang='lat' dir='ltr'>nou</span> <span class='ocrx_word' id='word_1_158' title='bbox 459 2558 588 2622; x_wconf 88' lang='lat' dir='ltr'>babent</span> <span class='ocrx_word' id='word_1_159' title='bbox 602 2580 665 2642; x_wconf 91' lang='lat' dir='ltr'>pro</span> <span class='ocrx_word' id='word_1_160' title='bbox 682 2579 772 2640; x_wconf 85' lang='lat' dir='ltr'>rege.</span> <span class='ocrx_word' id='word_1_161' title='bbox 827 2559 928 2637; x_wconf 87' lang='lat' dir='ltr'>Item,</span> <span class='ocrx_word' id='word_1_162' title='bbox 943 2579 1005 2642; x_wconf 91' lang='lat' dir='ltr'>per</span> <span class='ocrx_word' id='word_1_163' title='bbox 1026 2560 1116 2622; x_wconf 89' lang='lat' dir='ltr'>idem</span> <span class='ocrx_word' id='word_1_164' title='bbox 1132 2561 1314 2625; x_wconf 91' lang='lat' dir='ltr'>consilium</span> 
     </span>
     <span class='ocr_line' id='line_1_27' title="bbox 374 2658 1315 2740; baseline 0.01 -23"><span class='ocrx_word' id='word_1_165' title='bbox 374 2658 550 2721; x_wconf 87' lang='lat' dir='ltr'>naturales</span> <span class='ocrx_word' id='word_1_166' title='bbox 572 2658 726 2722; x_wconf 89' lang='lat' dir='ltr'>homines</span> <span class='ocrx_word' id='word_1_167' title='bbox 744 2658 786 2722; x_wconf 89' lang='lat' dir='ltr'>de</span> <span class='ocrx_word' id='word_1_168' title='bbox 809 2679 915 2740; x_wconf 83' lang='lat' dir='ltr'>regno</span> <span class='ocrx_word' id='word_1_169' title='bbox 932 2666 1047 2723; x_wconf 88' lang='lat' dir='ltr'>vestro</span> <span class='ocrx_word' id='word_1_170' title='bbox 1064 2658 1107 2722; x_wconf 89' lang='lat' dir='ltr'>de</span> <span class='ocrx_word' id='word_1_171' title='bbox 1128 2661 1223 2723; x_wconf 90' lang='lat' dir='ltr'>curia</span> <span class='ocrx_word' id='word_1_172' title='bbox 1240 2681 1315 2726; x_wconf 87' lang='lat' dir='ltr'>ves-</span> 
     </span>
     <span class='ocr_line' id='line_1_28' title="bbox 374 2757 1314 2839; baseline 0.007 -22"><span class='ocrx_word' id='word_1_173' title='bbox 374 2763 429 2818; x_wconf 90' lang='lat' dir='ltr'>tra</span> <span class='ocrx_word' id='word_1_174' title='bbox 456 2757 593 2839; x_wconf 87' lang='lat' dir='ltr'>expulsi</span> <span class='ocrx_word' id='word_1_175' title='bbox 622 2765 714 2835; x_wconf 93' lang='lat' dir='ltr'>sunt,</span> <span class='ocrx_word' id='word_1_176' title='bbox 745 2757 836 2822; x_wconf 89' lang='lat' dir='ltr'>unde</span> <span class='ocrx_word' id='word_1_177' title='bbox 866 2759 1056 2823; x_wconf 91' lang='lat' dir='ltr'>timendum</span> <span class='ocrx_word' id='word_1_178' title='bbox 1088 2765 1142 2823; x_wconf 87' lang='lat' dir='ltr'>est</span> <span class='ocrx_word' id='word_1_179' title='bbox 1169 2767 1240 2823; x_wconf 83' lang='lat' dir='ltr'>tam</span> <span class='ocrx_word' id='word_1_180' title='bbox 1272 2760 1314 2825; x_wconf 89' lang='lat' dir='ltr'>de</span> 
     </span>
     <span class='ocr_line' id='line_1_29' title="bbox 373 2855 1314 2940; baseline 0.006 -23"><span class='ocrx_word' id='word_1_181' title='bbox 373 2855 471 2919; x_wconf 90' lang='lat' dir='ltr'>vobis</span> <span class='ocrx_word' id='word_1_182' title='bbox 489 2876 593 2938; x_wconf 87' lang='lat' dir='ltr'>quam</span> <span class='ocrx_word' id='word_1_183' title='bbox 609 2856 651 2920; x_wconf 88' lang='lat' dir='ltr'>de</span> <span class='ocrx_word' id='word_1_184' title='bbox 672 2877 792 2939; x_wconf 87' lang='lat' dir='ltr'>regno,</span> <span class='ocrx_word' id='word_1_185' title='bbox 809 2877 886 2920; x_wconf 89' lang='lat' dir='ltr'>cum</span> <span class='ocrx_word' id='word_1_186' title='bbox 904 2858 1089 2922; x_wconf 89' lang='lat' dir='ltr'>videamini</span> <span class='ocrx_word' id='word_1_187' title='bbox 1110 2860 1221 2940; x_wconf 82' lang='lat' dir='ltr'>magis</span> <span class='ocrx_word' id='word_1_188' title='bbox 1237 2880 1314 2923; x_wconf 89' lang='lat' dir='ltr'>esse</span> 
     </span>
     <span class='ocr_line' id='line_1_30' title="bbox 372 2954 1314 3040; baseline 0.006 -23"><span class='ocrx_word' id='word_1_189' title='bbox 372 2954 409 3017; x_wconf 93' lang='lat' dir='ltr'>in</span> <span class='ocrx_word' id='word_1_190' title='bbox 434 2975 551 3019; x_wconf 89' lang='lat' dir='ltr'>eorum</span> <span class='ocrx_word' id='word_1_191' title='bbox 582 2963 765 3038; x_wconf 89' lang='lat' dir='ltr'>potestate,</span> <span class='ocrx_word' id='word_1_192' title='bbox 787 2970 892 3040; x_wconf 83' lang='lat' dir='ltr'>quam</span> <span class='ocrx_word' id='word_1_193' title='bbox 916 2958 982 3040; x_wconf 91' lang='lat' dir='ltr'>ipsi</span> <span class='ocrx_word' id='word_1_194' title='bbox 1011 2958 1047 3021; x_wconf 93' lang='lat' dir='ltr'>in</span> <span class='ocrx_word' id='word_1_195' title='bbox 1069 2964 1197 3036; x_wconf 88' lang='lat' dir='ltr'>vestra,</span> <span class='ocrx_word' id='word_1_196' title='bbox 1223 2960 1314 3023; x_wconf 91' lang='lat' dir='ltr'>sicut</span> 
     </span>
     <span class='ocr_line' id='line_1_31' title="bbox 372 3056 1313 3140; baseline 0.007 -24"><span class='ocrx_word' id='word_1_197' title='bbox 372 3074 434 3136; x_wconf 89' lang='lat' dir='ltr'>per</span> <span class='ocrx_word' id='word_1_198' title='bbox 450 3056 599 3137; x_wconf 92' lang='lat' dir='ltr'>plurima</span> <span class='ocrx_word' id='word_1_199' title='bbox 620 3062 756 3119; x_wconf 87' lang='lat' dir='ltr'>constat</span> <span class='ocrx_word' id='word_1_200' title='bbox 773 3057 944 3139; x_wconf 83' lang='lat' dir='ltr'>exempla.</span> <span class='ocrx_word' id='word_1_201' title='bbox 998 3056 1099 3134; x_wconf 89' lang='lat' dir='ltr'>Item,</span> <span class='ocrx_word' id='word_1_202' title='bbox 1117 3058 1199 3138; x_wconf 89' lang='lat' dir='ltr'>quia</span> <span class='ocrx_word' id='word_1_203' title='bbox 1215 3060 1313 3140; x_wconf 87' lang='lat' dir='ltr'>puel·</span> 
     </span>
     <span class='ocr_line' id='line_1_32' title="bbox 371 3153 1314 3222; baseline 0.006 -6"><span class='ocrx_word' id='word_1_204' title='bbox 371 3153 440 3217; x_wconf 91' lang='lat' dir='ltr'>lam</span> <span class='ocrx_word' id='word_1_205' title='bbox 467 3155 659 3219; x_wconf 86' lang='lat' dir='ltr'>Britanniae</span> <span class='ocrx_word' id='word_1_206' title='bbox 685 3163 720 3218; x_wconf 88' lang='lat' dir='ltr'>et</span> <span class='ocrx_word' id='word_1_207' title='bbox 743 3174 894 3220; x_wconf 90' lang='lat' dir='ltr'>sororem</span> <span class='ocrx_word' id='word_1_208' title='bbox 916 3164 1066 3220; x_wconf 90' lang='lat' dir='ltr'>vestram</span> <span class='ocrx_word' id='word_1_209' title='bbox 1095 3156 1222 3221; x_wconf 90' lang='lat' dir='ltr'>babent</span> <span class='ocrx_word' id='word_1_210' title='bbox 1250 3161 1314 3222; x_wconf 88' lang='lat' dir='ltr'>sub</span> 
     </span>
     <span class='ocr_line' id='line_1_33' title="bbox 372 3255 1313 3338; baseline 0.007 -23"><span class='ocrx_word' id='word_1_211' title='bbox 372 3260 544 3334; x_wconf 87' lang='lat' dir='ltr'>potestate</span> <span class='ocrx_word' id='word_1_212' title='bbox 567 3274 643 3332; x_wconf 89' lang='lat' dir='ltr'>sua,</span> <span class='ocrx_word' id='word_1_213' title='bbox 661 3262 696 3317; x_wconf 93' lang='lat' dir='ltr'>et</span> <span class='ocrx_word' id='word_1_214' title='bbox 716 3255 802 3318; x_wconf 87' lang='lat' dir='ltr'>alias</span> <span class='ocrx_word' id='word_1_215' title='bbox 822 3256 938 3338; x_wconf 87' lang='lat' dir='ltr'>plures</span> <span class='ocrx_word' id='word_1_216' title='bbox 963 3256 1096 3338; x_wconf 91' lang='lat' dir='ltr'>puellas</span> <span class='ocrx_word' id='word_1_217' title='bbox 1122 3258 1255 3320; x_wconf 89' lang='lat' dir='ltr'>nobiles</span> <span class='ocrx_word' id='word_1_218' title='bbox 1278 3267 1313 3323; x_wconf 85' lang='lat' dir='ltr'>et</span> 
     </span>
     <span class='ocr_line' id='line_1_34' title="bbox 369 3354 1313 3438; baseline 0.007 -23"><span class='ocrx_word' id='word_1_219' title='bbox 369 3354 543 3432; x_wconf 77' lang='lat' dir='ltr'>muliereS,</span> <span class='ocrx_word' id='word_1_220' title='bbox 571 3374 648 3417; x_wconf 91' lang='lat' dir='ltr'>cum</span> <span class='ocrx_word' id='word_1_221' title='bbox 669 3354 794 3417; x_wconf 88' lang='lat' dir='ltr'>wardis</span> <span class='ocrx_word' id='word_1_222' title='bbox 818 3374 859 3418; x_wconf 87' lang='lat' dir='ltr'>ac</span> <span class='ocrx_word' id='word_1_223' title='bbox 889 3356 1093 3437; x_wconf 77' lang='lat' dir='ltr'>maritagiiS,</span> <span class='ocrx_word' id='word_1_224' title='bbox 1115 3375 1202 3438; x_wconf 89' lang='lat' dir='ltr'>quas</span> <span class='ocrx_word' id='word_1_225' title='bbox 1227 3358 1313 3423; x_wconf 89' lang='lat' dir='ltr'>dant</span> 
     </span>
     <span class='ocr_line' id='line_1_35' title="bbox 370 3453 1311 3537; baseline 0.009 -24"><span class='ocrx_word' id='word_1_226' title='bbox 370 3453 441 3515; x_wconf 88' lang='lat' dir='ltr'>suis</span> <span class='ocrx_word' id='word_1_227' title='bbox 474 3462 509 3517; x_wconf 88' lang='lat' dir='ltr'>et</span> <span class='ocrx_word' id='word_1_228' title='bbox 533 3455 769 3536; x_wconf 82' lang='lat' dir='ltr'>disparagaut.</span> <span class='ocrx_word' id='word_1_229' title='bbox 830 3453 931 3531; x_wconf 90' lang='lat' dir='ltr'>Item,</span> <span class='ocrx_word' id='word_1_230' title='bbox 955 3457 1038 3537; x_wconf 90' lang='lat' dir='ltr'>quia</span> <span class='ocrx_word' id='word_1_231' title='bbox 1063 3455 1174 3536; x_wconf 85' lang='lat' dir='ltr'>legem</span> <span class='ocrx_word' id='word_1_232' title='bbox 1197 3464 1311 3534; x_wconf 86' lang='lat' dir='ltr'>terrae,</span> 
     </span>
     <span class='ocr_line' id='line_1_36' title="bbox 363 3551 1311 3637; baseline 0.008 -24"><span class='ocrx_word' id='word_1_233' title='bbox 363 3551 519 3634; x_wconf 88' lang='lat' dir='ltr'>juratam</span> <span class='ocrx_word' id='word_1_234' title='bbox 548 3560 582 3617; x_wconf 88' lang='lat' dir='ltr'>et</span> <span class='ocrx_word' id='word_1_235' title='bbox 599 3554 836 3618; x_wconf 88' lang='lat' dir='ltr'>confirmatam</span> <span class='ocrx_word' id='word_1_236' title='bbox 862 3560 966 3637; x_wconf 86' lang='lat' dir='ltr'>atque</span> <span class='ocrx_word' id='word_1_237' title='bbox 991 3573 1053 3636; x_wconf 89' lang='lat' dir='ltr'>per</span> <span class='ocrx_word' id='word_1_238' title='bbox 1075 3559 1311 3621; x_wconf 84' lang='lat' dir='ltr'>excommuni-</span> 
     </span>
     <span class='ocr_line' id='line_1_37' title="bbox 368 3653 1310 3737; baseline 0.007 -24"><span class='ocrx_word' id='word_1_239' title='bbox 368 3653 537 3716; x_wconf 90' lang='lat' dir='ltr'>cationem</span> <span class='ocrx_word' id='word_1_240' title='bbox 571 3654 779 3731; x_wconf 85' lang='lat' dir='ltr'>roboratam,</span> <span class='ocrx_word' id='word_1_241' title='bbox 807 3654 937 3736; x_wconf 88' lang='lat' dir='ltr'>pariter</span> <span class='ocrx_word' id='word_1_242' title='bbox 969 3660 1005 3718; x_wconf 86' lang='lat' dir='ltr'>et</span> <span class='ocrx_word' id='word_1_243' title='bbox 1025 3653 1200 3737; x_wconf 90' lang='lat' dir='ltr'>justitiam</span> <span class='ocrx_word' id='word_1_244' title='bbox 1228 3676 1310 3720; x_wconf 91' lang='lat' dir='ltr'>con-</span> 
     </span>
     <span class='ocr_line' id='line_1_38' title="bbox 367 3749 1311 3833; baseline 0.008 -21"><span class='ocrx_word' id='word_1_245' title='bbox 367 3749 515 3814; x_wconf 85' lang='lat' dir='ltr'>fundunt</span> <span class='ocrx_word' id='word_1_246' title='bbox 540 3758 574 3814; x_wconf 91' lang='lat' dir='ltr'>et</span> <span class='ocrx_word' id='word_1_247' title='bbox 596 3762 819 3833; x_wconf 83' lang='lat' dir='ltr'>pervertunt3</span> <span class='ocrx_word' id='word_1_248' title='bbox 850 3753 940 3817; x_wconf 88' lang='lat' dir='ltr'>unde</span> <span class='ocrx_word' id='word_1_249' title='bbox 961 3753 1149 3817; x_wconf 89' lang='lat' dir='ltr'>timendum</span> <span class='ocrx_word' id='word_1_250' title='bbox 1175 3763 1240 3833; x_wconf 91' lang='lat' dir='ltr'>est,</span> <span class='ocrx_word' id='word_1_251' title='bbox 1268 3778 1311 3821; x_wconf 89' lang='lat' dir='ltr'>ne</span> 
     </span>
     <span class='ocr_line' id='line_1_39' title="bbox 368 3850 1308 3930; baseline 0.011 -20"><span class='ocrx_word' id='word_1_252' title='bbox 368 3850 438 3912; x_wconf 88' lang='lat' dir='ltr'>sint</span> <span class='ocrx_word' id='word_1_253' title='bbox 460 3853 761 3930; x_wconf 87' lang='lat' dir='ltr'>excommunicati,</span> <span class='ocrx_word' id='word_1_254' title='bbox 789 3861 824 3916; x_wconf 89' lang='lat' dir='ltr'>et</span> <span class='ocrx_word' id='word_1_255' title='bbox 845 3872 908 3916; x_wconf 88' lang='lat' dir='ltr'>vos</span> <span class='ocrx_word' id='word_1_256' title='bbox 933 3852 1216 3917; x_wconf 87' lang='lat' dir='ltr'>communicando</span> <span class='ocrx_word' id='word_1_257' title='bbox 1247 3857 1308 3921; x_wconf 78' lang='lat' dir='ltr'>eis</span> 
     </span>
     <span class='ocr_line' id='line_1_40' title="bbox 368 3949 1309 4034; baseline 0.01 -24"><span class='ocrx_word' id='word_1_258' title='bbox 368 3949 469 4025; x_wconf 88' lang='lat' dir='ltr'>Item,</span> <span class='ocrx_word' id='word_1_259' title='bbox 494 3951 575 4031; x_wconf 90' lang='lat' dir='ltr'>quia</span> <span class='ocrx_word' id='word_1_260' title='bbox 601 3971 670 4017; x_wconf 90' lang='lat' dir='ltr'>non</span> <span class='ocrx_word' id='word_1_261' title='bbox 697 3954 883 4016; x_wconf 87' lang='lat' dir='ltr'>observant</span> <span class='ocrx_word' id='word_1_262' title='bbox 905 3952 1008 4016; x_wconf 87' lang='lat' dir='ltr'>alicui</span> <span class='ocrx_word' id='word_1_263' title='bbox 1035 3954 1309 4034; x_wconf 89' lang='lat' dir='ltr'>promissionem,</span> 
     </span>
     <span class='ocr_line' id='line_1_41' title="bbox 365 4047 1310 4135; baseline 0.013 -27"><span class='ocrx_word' id='word_1_264' title='bbox 365 4047 479 4127; x_wconf 90' lang='lat' dir='ltr'>fidem,</span> <span class='ocrx_word' id='word_1_265' title='bbox 491 4051 546 4114; x_wconf 88' lang='lat' dir='ltr'>vel</span> <span class='ocrx_word' id='word_1_266' title='bbox 558 4051 806 4135; x_wconf 88' lang='lat' dir='ltr'>juramentum,</span> <span class='ocrx_word' id='word_1_267' title='bbox 817 4052 870 4116; x_wconf 89' lang='lat' dir='ltr'>vel</span> <span class='ocrx_word' id='word_1_268' title='bbox 884 4053 1101 4134; x_wconf 87' lang='lat' dir='ltr'>scripturam,</span> <span class='ocrx_word' id='word_1_269' title='bbox 1115 4073 1177 4117; x_wconf 92' lang='lat' dir='ltr'>nec</span> <span class='ocrx_word' id='word_1_270' title='bbox 1189 4054 1310 4120; x_wconf 84' lang='lat' dir='ltr'>timent</span> 
     </span>
     <span class='ocr_line' id='line_1_42' title="bbox 363 4151 1310 4234; baseline 0.012 -24"><span class='ocrx_word' id='word_1_271' title='bbox 363 4151 774 4231; x_wconf 65' lang='lat' dir='ltr'>excommunicationem</span> <span class='ocrx_word' id='word_1_272' title='bbox 799 4153 890 4215; x_wconf 91' lang='lat' dir='ltr'>unde</span> <span class='ocrx_word' id='word_1_273' title='bbox 913 4153 971 4234; x_wconf 92' lang='lat' dir='ltr'>qui</span> <span class='ocrx_word' id='word_1_274' title='bbox 990 4171 1011 4214; x_wconf 89' lang='lat' dir='ltr'>a</span> <span class='ocrx_word' id='word_1_275' title='bbox 1029 4153 1175 4216; x_wconf 88' lang='lat' dir='ltr'>veritate</span> <span class='ocrx_word' id='word_1_276' title='bbox 1198 4175 1310 4221; x_wconf 85' lang='lat' dir='ltr'>reces-</span> 
     </span>
    </p>
   </div>
   <div class='ocr_carea' id='block_1_4' title="bbox 0 0 1436 4866">
    <p class='ocr_par' dir='ltr' id='par_1_4' title="bbox 0 0 1436 4866">
     <span class='ocr_line' id='line_1_43' title="bbox 0 0 1436 4866; baseline 0 1"><span class='ocrx_word' id='word_1_277' title='bbox 0 0 1436 4866; x_wconf 95' lang='lat' dir='ltr'> </span> 
     </span>
    </p>
   </div>
  </div>
 </body>
</html>
