2864 4866
396 425 534 473 anonas
558 426 832 475 ursroamnuu
1039 414 1082 476 21

133 582 247 646 silium
264 590 420 648 nostrum
438 591 502 662 est,
521 592 559 649 ut
575 587 739 650 exeamus
753 586 890 650 obviam
907 586 957 649 eis
974 587 1084 668 usqire
1096 599 1151 638 Ab·
1163 599 1219 639 121⁷-

135 683 179 747 ad
200 703 379 749 ascensum
407 685 546 763 montis,
569 686 664 768 quia,
682 686 717 749 si
736 687 787 750 ita
810 686 1003 763 fecerimus
1026 704 1083 748 ca·

134 785 267 866 piemus
289 804 407 848 omnes
430 784 509 849 illos
531 794 571 849 ut
588 785 756 850 alaudas!
808 784 944 864 Quibus
969 805 1084 849 comes

136 883 346 948 PerticenSis
377 890 412 949 et
439 885 692 949 Marescballus
716 885 962 968 respondentes
988 886 1085 949 dixe-

134 990 227 1060 runt,
246 984 343 1049 ‘Vos
366 985 565 1049 aestimastis
588 985 666 1049 illos
684 986 792 1070 juxta
813 987 990 1049 scientiam
1006 1004 1082 1050 ves-

135 1097 244 1164 tram3
273 1091 309 1148 et
325 1105 389 1148 nos
408 1085 578 1149 exibimus
601 1086 715 1163 modo,
738 1093 778 1149 ut
794 1087 1003 1150 aestimemus
1023 1105 1084 1149 eos

129 1183 238 1268 juxta
276 1184 557 1250 consuetudinem
597 1183 838 1249 Gallicanam!
912 1186 1084 1249 Exierunt

135 1303 218 1365 ergo
245 1291 285 1349 ut
306 1285 516 1349 aestimarent
540 1287 730 1350 exercitum
761 1286 851 1368 regis
876 1285 1083 1362 venientem,

135 1383 251 1448 sedin
277 1384 506 1448 aestimatione
531 1385 677 1468 decepti,
691 1384 854 1464 luerunt3
886 1404 979 1461 narn,
1005 1405 1084 1448 cum

135 1484 246 1566 primo
268 1484 437 1564 vidissent
462 1504 484 1547 a
508 1487 807 1567 tergo-exercitus
831 1485 931 1566 bigas
954 1493 990 1548 et
1009 1503 1083 1549 sar-

137 1585 232 1648 cinas
252 1603 329 1647 cum
352 1584 553 1648 custodibus
577 1605 707 1663 aarum,
725 1587 785 1668 qui
802 1604 929 1649 cuneos
946 1585 1021 1669 jam
1039 1583 1084 1647 ad

137 1684 263 1747 bellum
306 1684 492 1767 dispositos
535 1686 778 1769 sequebantur,
825 1686 1085 1749 aestimaverunt

137 1803 242 1849 uuum
269 1803 345 1848 esse
373 1804 434 1867 per
460 1805 497 1849 se
522 1786 725 1862 exercitum,
751 1785 833 1867 quia
858 1785 905 1847 ibi
928 1784 1084 1847 multitu·

138 1882 251 1948 dinem
278 1884 422 1949 multam
448 1904 526 1948 cum
549 1884 687 1949 vexillis
711 1884 919 1948 micantibus
945 1884 1086 1965 inspex-

138 1992 262 2063 eruut3
292 1984 489 2048 babuerunt
514 1984 603 2049 enim
633 1984 762 2066 singuli
789 1990 991 2065 magnatum
1016 1983 1085 2047 duo

140 2083 281 2160 vexilla,
307 2104 425 2162 unum,
447 2090 488 2148 ut
507 2084 582 2168 jam
609 2085 772 2162 diximus,
799 2104 875 2148 cum
901 2083 1086 2147 sarcinisa

139 2189 238 2265 tergo
259 2185 424 2249 remotius
445 2204 572 2248 cuneos
593 2203 753 2266 sequens,
776 2192 811 2247 et
829 2182 923 2246 aliud
941 2202 1087 2265 corpora

139 2283 354 2364 singulorum
366 2285 585 2366 praecedens,
607 2304 669 2366 per
686 2283 778 2366 quod
797 2291 1087 2366 cognoscerentur

140 2383 261 2465 praelia
292 2379 536 2463 conserentes3
578 2383 697 2466 sicque
729 2403 843 2450 comes
878 2382 1087 2447 Porticensis

139 2503 219 2547 cum
246 2483 478 2547 Marescballo
498 2484 620 2547 illusus
649 2483 694 2547 ad
716 2484 828 2548 socios
849 2484 1016 2547 remeavit
1034 2484 1088 2546 in·

140 2585 266 2648 certus.
313 2584 494 2648 Dederunt
512 2603 596 2665 ergo
619 2585 801 2648 consilium
828 2583 887 2647 isti
910 2583 1087 2646 sodalibus

139 2684 270 2747 reversi
285 2684 320 2746 in
336 2684 525 2760 civitatem,
543 2703 689 2766 quorum
710 2683 891 2748 consilium
911 2684 1088 2766 praeterire

137 2783 238 2847 nefas
267 2791 353 2859 crat,
378 2792 418 2847 ut
440 2783 559 2848 divisis
586 2785 810 2866 optimatibus
833 2782 1089 2847 custodirentur

140 2890 251 2966 portae
286 2883 439 2947 civitatis
472 2886 516 2947 ab
552 2884 601 2948 eis
636 2883 821 2967 hostesque
853 2884 897 2945 ab
930 2883 1088 2963 ingressu

140 2982 216 3067 ejus
240 2991 438 3049 arcerentur
457 2984 566 3048 donec
588 2985 760 3067 cepissent
779 2982 972 3058 castellum,
989 2980 1089 3065 cujus

135 3083 213 3167 jam
238 3083 354 3165 captio
379 3084 589 3147 imminebat.
648 3083 788 3148 Placuit
810 3082 928 3145 multis
952 3082 1090 3144 consili·

141 3187 454 3258 uin,'veruntamen
470 3184 626 3265 pluribus
644 3183 860 3266 displicebat.
913 3180 1091 3244 Obseratis

137 3282 260 3364 itaque
284 3282 401 3365 portis'
413 3289 449 3347 et
464 3283 663 3347 custodibus
684 3283 860 3359 adhibitis,
875 3301 994 3346 omnes
1015 3299 1091 3345 sese

142 3382 187 3445 ad
204 3381 436 3447 defensionem
458 3384 640 3466 parabant.

137 3530 141 3536 ⁵
165 3561 213 3626 Da
219 3560 333 3648 prelio
349 3560 439 3647 apud
452 3560 652 3626 Liacolaicm
668 3560 832 3639 conmisso,
847 3559 929 3647 qaod
943 3559 1072 3646 quidam

417 3665 427 3696 ‘
443 3661 634 3726 Nandiacs'
648 3659 817 3746 appellarat.

196 3784 337 3849 Interea
364 3785 540 3849 eriercitus
569 3786 661 3866 regis
687 3804 708 3847 a
732 3792 831 3866 parte
856 3781 990 3847 castelli
1016 3780 1093 3844 urbi
1104 3786 1208 3881 {3255

144 3886 441 3969 appropinquans,
464 3904 542 3948 cum
563 3904 584 3948 a
605 3884 804 3948 castellanis
826 3883 986 3964 cognitus
1008 3881 1093 3944 fuis'·

146 3993 211 4063 set,
235 3985 403 4049 miserunt
425 3985 513 4047 clam
536 3985 695 4048 nuntium
717 4004 779 4067 per
800 3983 984 4065 posticum,
1002 3980 1094 4063 quod

146 4092 222 4150 erat
244 4105 266 4148 a
290 4092 389 4166 tergo
412 4083 557 4162 castelli,
581 4084 626 4148 ad
652 4084 801 4168 majores
827 4083 1013 4157 exercitus
1035 4080 1096 4164 qui

145 4186 196 4248 eis
216 4185 333 4249 omnia
349 4205 426 4267 quae
447 4185 577 4248 fiebant
592 4184 736 4249 interius
758 4182 942 4247 nuntiavit.
995 4180 1097 4243 Dixit
