2864 4866
168 584 223 624 Μ).
235 583 291 623 1226.

179 2706 272 2745 crusade

180 2756 263 2806 against
270 2754 308 2794 tha

179 2811 243 2845 count
251 2805 276 2845 oi

180 2857 309 2896 Thoulousa.

329 388 394 454 124
587 400 722 449 nocnnr
748 400 795 447 nn
818 397 1026 447 wunnovnn

330 564 405 649 ejus
436 564 654 629 vocationem
685 562 786 644 plene
821 564 1073 637 convenerant3
1107 557 1179 635 sed,
1211 557 1280 621 illis

331 664 459 729 auditis
486 684 527 729 ao
550 663 733 745 diligenter
755 659 952 736 intellectis,
978 657 1105 741 singuli
1125 658 1281 740 singulos

331 764 375 830 ad
407 766 514 829 risum
548 765 734 829 movebant
766 780 872 843 super
900 758 1179 843 concupiscentia
1208 758 1283 822 Ro·

331 885 523 945 manorum,
546 865 606 948 qui
629 862 714 928 illud
730 862 860 926 morale
878 880 947 924 non
964 859 1175 943 intelligunt,
1189 858 1283 924 vide·

331 966 414 1032 licet

415 1016 443 1093 ’ί
454 1056 555 1123 Qu0d1
570 1058 659 1115 virtus
673 1056 775 1125 reddit,
788 1074 846 1114 non
861 1055 950 1133 copia,
966 1054 1168 1124 sufficientem

453 1155 493 1213 Et
506 1173 563 1213 non
577 1163 736 1233 paupertas,
751 1152 801 1211 sed
814 1152 916 1210 mentis
929 1151 1033 1222 hiatus,
1048 1150 1196 1229 egentem.¹

333 1277 434 1340 Tunc
457 1294 532 1352 rex,
559 1274 760 1340 convocatis
784 1292 937 1338 seorsum
964 1274 1119 1357 praelatis
1148 1279 1183 1338 et
1206 1273 1283 1356 qui·

333 1375 479 1440 busdam
513 1375 747 1457 magnatibus,
778 1374 844 1438 hoc
873 1373 1131 1460 archiepiscopo
1161 1373 1285 1438 dedere

335 1493 561 1558 responsum
587 1474 706 1554 ‘Ista‚’
732 1475 904 1557 inquiunt,
920 1479 1019 1558 ‘quae
1046 1474 1170 1539 suadet
1187 1475 1286 1539 nobis

336 1576 495 1641 dominus
510 1593 614 1658 papa,
630 1576 829 1640 universam
843 1574 1116 1640 Christianitatis
1129 1575 1286 1640 latitudi-

336 1697 415 1741 nem
429 1677 642 1758 respiciunt;
665 1682 701 1739 et
721 1675 883 1759 quoniam
900 1695 964 1739 nos
988 1676 1089 1759 quasi
1112 1676 1148 1739 in
1172 1682 1288 1740 extre-

335 1778 401 1841 mis
429 1776 521 1841 orbis
547 1776 729 1841 constituti
753 1795 872 1839 sumus
896 1777 1066 1861 partibus,
1089 1795 1165 1839 cum
1193 1777 1289 1841 vide·

336 1878 442 1941 rimus
463 1877 613 1960 qualiter
630 1882 756 1940 caetera
777 1896 887 1959 regna
906 1896 990 1959 erga
1012 1877 1100 1942 tales
1123 1896 1160 1940 se
1181 1876 1291 1941 habn-

337 1977 429 2043 erint
459 1977 673 2055 exactiones,
706 1975 865 2040 dominus
900 1995 1004 2059 papa,
1033 1997 1110 2042 cnm
1139 1979 1183 2040 ab
1210 1977 1289 2041 aliis

336 2077 454 2160 regnis
483 2076 703 2141 habuerimus
728 2076 938 2159 exemplum,
963 2078 999 2141 in
1026 2078 1200 2160 obsequiis
1225 2097 1289 2142 nos

337 2178 491 2243 inveniet
516 2177 593 2241 aliis
618 2177 870 2260 promptiores?
922 2177 980 2254 Et,
1002 2177 1056 2242 his
1074 2178 1188 2256 dictis,
1206 2197 1289 2242 con·

338 2297 437 2342 cessa
452 2284 506 2342 est
520 2278 677 2343 omnibns
694 2277 835 2342 licentia
852 2277 1045 2342 recedendi.

425 2450 514 2530 Quod
538 2450 628 2516 motio
650 2470 766 2535 tropon
779 2450 876 2534 forto
897 2461 940 2517 art
960 2472 1052 2537 aaaron
1072 2453 1207 2518 comitant

708 2550 920 2615 Tholoacnum.

392 2674 461 2739 Per
476 2674 565 2738 idem
583 2680 720 2757 tempus
735 2675 829 2739 iacta
844 2682 898 2740 est
911 2676 1113 2759 praedicatio
1131 2677 1167 2741 in
1184 2678 1293 2761 parti-

340 2777 404 2840 bns
431 2774 624 2840 Gallicanis
644 2793 666 2839 a
688 2774 806 2858 legato
827 2775 987 2840 Romano
1009 2778 1230 2859 generaliter,
1253 2785 1294 2843 nt

340 2895 472 2954 omnes,
494 2875 553 2958 qui
575 2882 719 2957 possent
739 2894 837 2940 arma
862 2896 1009 2953 movere,
1037 2896 1074 2941 se
1100 2897 1200 2943 cruce
1221 2879 1292 2962 sig-

341 2982 466 3040 narent
490 2994 595 3058 super
619 2976 779 3040 comitem
805 2976 1041 3041 Tholosannm
1065 2984 1101 3041 et
1125 2980 1297 3063 populum.

342 3078 430 3162 ejus,
453 3076 513 3159 qui
537 3094 656 3139 omnes
673 3075 837 3140 haeretica
850 3077 1008 3141 foeditate
1024 3077 1226 3143 dicebantur
1240 3080 1294 3143 in·

343 3177 436 3241 fecti.
481 3174 539 3240 Ad
554 3175 630 3260 ejus
648 3195 785 3259 quoqne
806 3177 1085 3259 praedicationem
1108 3179 1295 3244 multitudo

344 3277 497 3340 maxima
519 3277 739 3358 praelatorum
766 3282 802 3340 et
817 3276 982 3341 laicorum
1001 3278 1112 3342 crucis
1135 3278 1297 3362 signacu-

344 3376 416 3440 lum
451 3384 689 3460 susceperunt,
722 3376 801 3459 plns
831 3384 926 3441 metu
958 3377 1049 3460 regis
1083 3379 1295 3444 Francorum

345 3476 401 3541 vel
425 3476 543 3541 favore
571 3476 691 3558 legati,
719 3496 823 3559 quarn
856 3477 930 3542 zelo
958 3477 1117 3561 justitiae,
1144 3478 1297 3561 inducti;

345 3576 527 3640 videbatur
550 3577 642 3640 enim
661 3576 779 3640 multis
802 3577 937 3655 abusio,
961 3584 1001 3642 ut
1021 3578 1192 3643 hominem
1213 3579 1298 3644 fide·

346 3676 413 3739 lem
431 3675 667 3740 Christianum
695 3676 910 3755 infestarent,
933 3679 1107 3760 praecipne
1124 3699 1202 3743 cnm
1218 3699 1300 3745 con·

346 3781 454 3839 staret
478 3776 611 3839 cunctis
635 3795 713 3840 eum
738 3777 775 3840 in
797 3778 943 3842 concilio
970 3798 1080 3861 nuper
1100 3779 1191 3862 apud
1215 3781 1301 3844 civi-

347 3882 453 3939 tatem
473 3875 662 3941 Bituricam
688 3876 806 3942 habito
829 3878 948 3944 multis
973 3879 1133 3962 precibus
1156 3899 1299 3963 persna-

347 3977 433 4040 sisse
463 3976 593 4059 legato,
619 3986 660 4042 ut
683 3979 817 4043 veniret
844 3978 888 4043 ad
916 3979 1071 4062 singulas
1096 3989 1197 4045 terrae
1226 4000 1300 4045 suae

479 4217 486 4247 ¹
497 4216 566 4272 Quod
573 4214 652 4266 virtus
662 4209 765 4284 reddit]
785 4216 880 4268 ‘Quod
890 4216 952 4276 iacit
963 4212 1057 4266 virtus'
1069 4217 1096 4266 in
1108 4217 1165 4269 MS.
