2864 4866
280 395 323 463 12
540 410 675 458 aocnnr
700 411 746 457 nn
771 410 976 457 wunnovnn

121 585 242 627 mmr.
281 563 549 634 Transfrotavit¹
578 568 685 650 igitur
718 566 923 631 Lodowicus
949 575 1104 649 tempore
1136 566 1232 645 Qua·

280 669 512 751 dragesimali,
538 688 579 733 eo
608 673 724 749 pacto,
747 666 839 750 quod
862 686 1037 748 nunquam
1069 666 1231 748 deinceps

280 770 429 852 gratiam
453 769 620 833 baronum
643 766 783 848 Angliae
807 767 967 830 habuerit
992 767 1082 831 sicut
1109 767 1231 849 prius3

181 941 185 948 ⁸
281 888 362 932 nam
405 870 570 933 continuo
607 873 777 931 venerunt
813 866 856 930 ad
898 866 1099 931 fidelitatem
1140 868 1232 948 regis

282 969 429 1033 Henrici
454 988 568 1034 comes
590 967 788 1033 Willelmus
818 966 1093 1043 saresbiriensis,
1117 986 1232 1031 comes

281 1069 477 1133 Willelmus
495 1066 664 1145 Arundel,
685 1086 799 1130 comes
818 1066 1016 1131 Willelmus
1031 1066 1231 1145 warennae,

281 1169 401 1234 etalii
429 1168 540 1245 multi,
576 1167 669 1231 dicto
698 1168 772 1248 regi
802 1166 964 1250 deinceps
993 1166 1230 1247 adhaerentes;

281 1270 340 1333 sed
367 1277 402 1334 et
423 1287 571 1349 magnus
597 1266 861 1344 Mareschallus,
885 1266 1098 1331 Willelmum
1123 1267 1231 1331 filium

270 1367 382 1432 'suum
407 1367 673 1452 primogenitum
705 1366 749 1430 ad
777 1368 869 1449 regis
897 1366 1100 1430 fidelitatem
1128 1387 1228 1433 revo-

280 1488 377 1546 canS,
408 1476 542 1552 partem
576 1466 752 1531 Lodowici
784 1487 853 1531 non
884 1467 1101 1532 mediocriter
1127 1469 1230 1531 muti·
1289 1502 1294 1513 ·

281 1567 380 1632 lavit.

470 1667 649 1732 Incideotio
665 1667 702 1732 de
719 1677 803 1732 terre
812 1667 1039 1753 promissionis.

333 1787 480 1857 Eodem²
499 1793 853 1876 temporeexercitus,
870 1794 1021 1875 quierat
1041 1793 1077 1855 in
1095 1790 1232 1869 Achon,

281 1894 491 1975 quadrifarie
521 1893 653 1957 divisus
679 1901 759 1972 est3
792 1912 891 1975 reges
917 1893 1007 1956 enim
1037 1891 1231 1973 Hungariae

282 1999 318 2056 et
338 1993 446 2076 Cypri
468 1994 635 2076 Tripolim
663 1992 809 2075 proiecti
837 1999 929 2071 sunt,
951 1993 1010 2056 nbi
1038 2011 1101 2055 rex
1124 1990 1231 2074 Cypri

282 2093 482 2157 adolescens
512 2093 602 2157 diem
628 2093 755 2157 clausit
781 2100 985 2157 extremum.
1046 2091 1127 2155 Rex
1150 2111 1232 2155 vero

284 2192 491 2275 Hungariae,
525 2193 620 2257 brevi
647 2199 800 2275 tempore
832 2192 957 2256 ibidem
987 2197 1231 2268 commoratus,

282 2311 360 2355 cnm
393 2312 520 2374 magno
552 2299 653 2355 terrae
686 2300 816 2356 sanctae
847 2292 1028 2374 dispondio
1061 2291 1230 2371 recessit3

283 2393 484 2473 peregrinos
512 2392 602 2454 enim
631 2399 667 2455 et
691 2393 834 2473 galeias,
864 2411 972 2475 equos
1000 2399 1036 2455 et
1061 2391 1232 2475 jumenta,

284 2511 361 2554 cum
389 2493 493 2555 armis
519 2510 635 2554 secum
662 2493 782 2570 traxit,
816 2493 962 2556 multum
988 2512 1032 2555 ne
1057 2491 1231 2554 recederet

284 2609 306 2653 a
327 2591 524 2673 patriarcha
549 2599 705 2673 rogatus,
730 2594 790 2675 qui
817 2593 956 2657 tandem
985 2612 1063 2656 cnm
1091 2610 1155 2654 sua
1177 2610 1231 2654 se-

284 2691 387 2772 quela
408 2692 726 2779 excommunicatus
748 2692 902 2757 recessit.
954 2690 1037 2756 Alia
1058 2711 1139 2774 pars
1161 2684 1231 2773 ³pi-

284 2811 424 2872 grorum
461 2799 496 2856 et
532 2791 740 2870 timidorum,
782 2800 816 2857 et
848 2812 966 2856 eorum
1004 2792 1064 2874 qui
1100 2790 1231 2856 divitiis

283 2889 480 2969 affluebant,
518 2893 555 2955 in
591 2889 734 2956 Achone
775 2892 952 2955 remansit.
1027 2891 1108 2955 Rex
1148 2909 1230 2955 vero

284 2989 506 3054 Hierusalem
530 2998 566 3055 et
588 2991 660 3055 dux
684 2991 848 3067 Austrise,
875 3012 953 3055 cum
981 2990 1232 3075 Hospitalariis

283 3091 394 3154 sancti
432 3090 455 3155 J
459 3091 603 3155 ohannis
644 3099 679 3155 et
712 3093 883 3174 episcopis
928 3092 1046 3155 multis
1085 3099 1120 3155 et
1153 3091 1231 3153 aliis

282 3189 451 3268 fidelibus,
468 3198 618 3256 castrum
641 3192 677 3254 in
696 3191 857 3255 Caesarea
874 3191 1061 3255 Palestinae
1080 3193 1116 3253 in
1135 3191 1231 3255 brevi

282 3290 428 3354 viriliter
461 3290 696 3368 firmaverunt,
736 3291 818 3356 licet
848 3291 1046 3373 frequenter
1080 3290 1231 3354 hostium

283 3390 501 3454 nuntiaretur
529 3391 725 3471 adventus3
757 3392 805 3455 ibi
828 3393 864 3454 in
893 3390 1036 3454 basilica
1065 3390 1231 3472 principis

282 3489 517 3571 apostolorum
561 3490 686 3555 festum
732 3490 990 3555 Purificationis
1032 3487 1231 3570 patriarcha

282 3608 360 3652 cum
380 3607 442 3651 sex
464 3589 633 3671 episcopis
656 3592 854 3655 solemniter
877 3589 1075 3653 celebravit.
1127 3587 1231 3650 Tem-

281 3687 382 3769 plarii
405 3708 555 3770 quoque,
584 3709 660 3753 cum
690 3691 829 3755 domino
849 3689 1008 3754 Waltero
1034 3689 1077 3752 de
1099 3686 1232 3752 Avenis

317 3868 324 3899 ¹
339 3863 538 3934 Troosfretaoit]
556 3868 700 3930 According
715 3873 741 3917 to
752 3865 755 3891 ¹
766 3869 853 3917 unless
865 3869 953 3930 Philip
966 3868 1103 3918 consented
1114 3873 1139 3916 to
1155 3867 1234 3916 recall

282 3938 380 3986 Walter
391 3936 419 3986 of
428 3935 562 3999 Coventry,
571 3937 613 3987 the
624 3939 741 3988 occasion
767 3939 808 3988 his
819 3953 874 3988 son.

281 4007 311 4056 of
323 4001 409 4056 Louie’
421 4008 529 4055 absence
543 4021 595 4055 was
606 4007 648 4056 the
659 4008 743 4058 threat
806 4006 916 4056 'Eodem
938 4007 1081 4070 tempora]
1118 4007 1177 4057 Jac.
1199 4006 1232 4054 de

281 4077 310 4125 oi
318 4077 360 4125 the
371 4071 458 4138 pope's
468 4076 565 4138 legates
577 4082 603 4125 at
611 4077 652 4125 the
664 4091 742 4127 coun·
767 4078 874 4126 vitriac.
886 4093 912 4139 p.
926 4080 999 4129 11³0.

280 4147 314 4196 cil
323 4146 352 4195 ef
360 4147 459 4209 Melnn,
470 4146 525 4194 that
534 4148 593 4208 they
600 4147 686 4196 would
695 4152 742 4209 put
802 4145 813 4174 ³
824 4142 982 4216 Pigroram]
1001 4148 1009 4174 ‘
1019 4141 1232 4210 Peregrinorum,'

279 4217 315 4266 ull
344 4216 440 4267 Franco
462 4217 542 4266 under
565 4232 598 4267 an
624 4217 743 4266 interdict
767 4216 827 4267 ibid.
