2864 4866
411 415 550 464 renuas
574 415 844 465 ursvonmnuu.
1032 400 1097 466 237

143 573 211 638 lide
226 575 426 641 custodivit.
472 575 630 640 Tandem
643 596 722 641 cum
739 576 775 641 in
793 576 848 641 die
866 577 1095 655 ParasceueS,
1111 603 1232 646 unna

144 694 213 756 qua
244 696 380 741 crucem
412 677 518 741 subiit
553 675 713 742 Christus
745 676 769 741 J
772 696 851 741 esus
883 697 946 761 pro
981 678 1095 741 salute
1108 655 1234 753 illidito

145 775 273 855 mundi,
290 777 334 841 ad
354 778 533 842 ecclesiam
557 796 777 859 properarem
800 778 979 843 servitium
997 778 1096 841 audi·
1109 757 1130 796 Β

1131 756 1203 796 lclmrd
1213 756 1230 794 1.

145 978 189 1040 ad
210 978 389 1043 ecclesiam
411 977 489 1041 iret.
546 976 724 1042 Festinavi
748 985 828 1059 post
848 984 982 1058 tergum
1007 977 1096 1061 ejuS,

145 1083 184 1141 ut
200 1097 277 1141 num
297 1076 524 1142 interficerem
548 1077 665 1160 gladio
685 1077 831 1158 educt03
861 1078 920 1140 sed
938 1077 996 1141 ille
1012 1098 1097 1142 casu

146 1185 238 1242 retro
261 1179 460 1260 respiciens,
483 1197 560 1242 cum
587 1198 640 1241 me
664 1177 785 1260 rapido
809 1197 912 1240 cursu
933 1177 1097 1243 advenire

146 1279 371 1360 conspiceret,
387 1278 432 1341 ad
450 1297 586 1342 crucem
601 1278 788 1360 quandam,
804 1298 882 1360 quae
894 1297 993 1342 secus
1005 1278 1097 1342 viam

147 1380 273 1455 stabat,
305 1378 473 1460 confugit,
496 1378 579 1462 quia
600 1378 706 1464 nimia
728 1384 905 1442 senectute
928 1386 1096 1461 gravatus

146 1497 183 1542 se
208 1478 390 1543 defendere
419 1499 488 1543 non
517 1479 666 1543 valebat.
727 1479 874 1542 Etcum
900 1479 1010 1556 illum,
1037 1480 1097 1562 qui

146 1578 278 1661 lignum
303 1580 415 1644 crucis
444 1581 535 1642 inter
555 1579 698 1643 brachia
719 1580 860 1644 tenebat
885 1579 1096 1661 amplexum,

148 1686 262 1744 erecto
280 1679 397 1762 gladio
413 1680 536 1743 vellem
554 1680 720 1762 perimere
742 1687 777 1743 et
796 1680 972 1743 cerebrum
990 1679 1096 1743 effun-

149 1778 242 1857 dere,
273 1780 449 1863 adjnravit
473 1801 528 1844 me
558 1800 620 1863 per
648 1799 773 1844 nomen
802 1779 968 1844 Crucifixi
991 1780 1096 1859 illius,

146 1880 258 1960 quiin
274 1879 370 1962 ligno
386 1880 496 1944 crucis
514 1900 555 1944 eo
569 1879 623 1945 die
645 1901 709 1963 pro
724 1880 832 1944 totius
848 1880 966 1959 mundi
983 1881 1096 1946 salute

148 1979 323 2062 pependit,
347 2001 390 2044 ne
412 2001 491 2045 eum
512 1981 749 2058 interficerem,
771 1987 892 2044 votum
917 1979 1047 2045 faciens
1062 1989 1097 2046 et

148 2078 292 2145 firmiter
314 2081 531 2164 promittens
546 2080 638 2163 quod
661 2100 724 2163 pro
748 2080 864 2144 anima
884 2081 995 2163 patris
1017 2081 1097 2158 mei,

149 2200 251 2263 quem
286 2179 423 2258 occidit,
452 2180 670 2263 capellanum
699 2200 806 2244 unum
838 2181 1033 2262 assignaret
1061 2182 1097 2244 in

148 2289 362 2366 perpetuum,
385 2279 445 2363 qui
466 2282 606 2344 missam
632 2279 752 2344 diebus
775 2281 923 2363 singulis
945 2281 1097 2346 celebra-

147 2389 211 2446 ret.
263 2382 340 2464 Ego
357 2389 473 2446 autem
492 2400 609 2445 senem
628 2379 726 2444 illum
744 2379 863 2446 videns
878 2381 1095 2465 lachryman-

148 2488 231 2559 tem,
251 2488 442 2546 commotns
461 2500 538 2545 sum
557 2481 601 2544 ad
619 2480 796 2563 pietatem,
811 2488 846 2545 et
860 2481 922 2559 sic,
940 2483 984 2546 ob
1002 2502 1097 2546 amo·

147 2602 218 2646 rem
234 2590 270 2646 et
287 2581 512 2646 reverentiam
533 2580 648 2658 lllius,
670 2582 728 2665 qui
749 2600 811 2665 pro
832 2582 945 2647 salute
964 2603 1041 2647 mea
1061 2590 1096 2647 et

149 2683 301 2746 omnium
333 2701 470 2747 crucem
497 2681 652 2746 ascendit
678 2690 714 2746 et
739 2701 815 2745 eam
841 2701 904 2747 suo
928 2684 1096 2765 sanguine

148 2783 367 2847 sanctissimo
382 2782 608 2859 consecravit,
623 2791 767 2847 mortem
787 2783 896 2865 patris
916 2784 980 2847 mei
997 2784 1098 2847 militi

150 2882 366 2948 condonavi?
402 2882 502 2947 Tunc
515 2902 577 2946 rex
595 2881 696 2946 militi
710 2882 920 2964 respondens
937 2883 999 2959 ait,
1014 2883 1099 2948 ‘Sa-

151 2981 306 3066 pienter,’
333 2983 456 3065 inquit,
474 2983 609 3064 ‘egisti
633 2983 716 3064 quia
739 2981 933 3045 Crucifixus
956 2982 1014 3047 ille
1034 2984 1097 3047 tibi

149 3103 240 3147 nunc
256 3084 366 3148 vicem
380 3103 443 3165 pro
457 3083 532 3148 vice
548 3080 757 3147 sufficienter
769 3082 935 3164 persolvit
948 3079 968 3163 3'
990 3090 1025 3146 et
1039 3083 1099 3146 ad-

151 3203 279 3247 vocans
289 3184 476 3268 'episcopos
494 3191 530 3248 et
542 3186 701 3260 barones,
717 3183 776 3265 qui
794 3182 950 3259 aderant,
966 3183 1098 3248 revela-

150 3284 203 3348 vit
222 3284 440 3349 audientibus
465 3285 599 3348 cunctis
621 3283 799 3361 visionem,
822 3302 925 3365 quam
943 3303 1003 3346 rex
1024 3283 1099 3364 ipse

150 3383 246 3447 solus
263 3384 406 3460 viderat,
427 3383 612 3467 quomodo,
634 3384 778 3460 scilicet,
800 3383 916 3464 imago
933 3381 1099 3447 crucifixi

151 3481 195 3547 ad
212 3483 367 3565 singulas
383 3484 502 3548 militis
518 3483 779 3565 genuflexiones
795 3491 901 3564 caput
916 3502 994 3546 cum
1009 3481 1099 3546 collo

153 3583 329 3648 humiliter
344 3584 536 3649 inclinavit.
590 3585 636 3648 Et
649 3604 712 3648 rex
735 3583 898 3647 continuo
920 3583 965 3646 ad
987 3602 1025 3646 se
1039 3602 1101 3647 vo-

152 3703 237 3747 cans
253 3684 495 3759 cancellarium
520 3703 619 3747 suum
638 3683 815 3766 praecepit,
838 3689 878 3746 ut
899 3704 961 3765 per
978 3682 1099 3747 literas

152 3802 235 3847 suas
259 3790 417 3866 patentes
436 3784 640 3861 vicecomiti,
664 3803 766 3867 quem
789 3782 887 3847 miles
909 3782 975 3847 sibi
990 3783 1098 3846 nomi-

153 3891 266 3961 naret,
283 3883 381 3948 daret
401 3885 438 3947 in
462 3883 647 3960 mandatiS,
670 3890 854 3966 quatenus,
874 3883 957 3946 visis
978 3882 1099 3959 literis,

152 3985 255 4048 militi
288 3990 415 4048 terram
439 4003 537 4048 suam
560 3983 717 4048 redderet
742 3991 852 4047 totam
876 3983 912 4045 iu
938 4003 980 4047 eo
1006 3988 1101 4046 statu

154 4091 224 4167 qu'o
257 4085 352 4149 illam
384 4085 513 4167 recepit
540 4084 681 4167 quando
709 4084 806 4148 illum
833 4102 855 4146 a
879 4083 994 4165 patria
1017 4103 1101 4145 exu-

153 4185 252 4250 lavit.
