2864 4866
429 407 568 455 necans
592 407 863 458 ursroaraauu.
1057 394 1123 457 167

169 570 205 627 et
215 563 305 641 vide,
324 564 354 627 si
369 571 422 629 est
436 564 535 629 dolor
548 566 639 631 sicut
654 565 752 630 dolor
766 573 895 644 noster,
909 568 992 649 quia
1010 567 1118 631 filium
1131 582 1186 624 an.
1197 585 1253 626 122⁸.

170 683 271 746 quem
287 664 433 729 nutrivit
448 665 594 729 ecclesia
606 666 768 730 Romana
782 674 818 730 et
833 667 1016 745 exaltavit,
1038 688 1117 752 spe·

170 783 251 827 rans
267 783 346 827 cum
362 774 655 848 propugnatorem
676 767 804 831 habere
825 774 947 832 contra
969 767 1118 852 perfidas

170 864 339 942 nationeS,
363 885 442 930 ecce
468 886 559 931 nunc
582 875 837 950 persecutorem
861 869 966 931 sentit
994 867 1116 932 imma·

169 984 246 1027 nem
264 972 301 1031 et
317 963 451 1030 hostem
467 966 619 1030 validum
642 968 832 1049 experitur.
883 966 930 1031 Et
944 987 986 1031 ne
1001 975 1117 1033 tacea-

169 1083 245 1129 mus
263 1072 397 1130 atroces
414 1066 560 1151 injurias
584 1072 620 1130 et
633 1065 792 1149 jacturas
807 1086 975 1145 enormes,
990 1069 1116 1150 quibus

172 1165 377 1230 Fredericus
397 1166 509 1230 dictus
535 1166 723 1249 imperator
745 1167 926 1231 ecclesiam
946 1174 982 1231 et
997 1187 1115 1250 perso-

170 1285 232 1330 nas
259 1266 511 1330 ecclesiasticas
538 1265 780 1331 damnabiliter
799 1266 965 1332 hactenus
993 1267 1114 1349 flagel-

167 1365 263 1444 lavit,
290 1367 536 1449 patrimonium
567 1366 768 1450 apostolicae
797 1367 887 1430 sedis
918 1387 980 1450 per
1009 1367 1114 1432 Sara-

166 1485 270 1531 cenos
294 1473 330 1532 et
356 1467 442 1531 alios
472 1466 666 1550 impugnat,
688 1473 735 1543 et,
758 1466 849 1550 quod
877 1466 1115 1532 detestabilius

167 1572 232 1643 est,
248 1585 326 1629 cum
341 1566 494 1630 Soldano
510 1575 546 1631 et
561 1566 639 1630 aliis
656 1566 838 1630 Saracenis
855 1567 1011 1631 nefandis
1034 1587 1116 1631 con·

167 1668 307 1730 trahens
335 1668 513 1749 pactiones
534 1666 605 1730 illis
632 1665 799 1744 favorem,
815 1666 1021 1731 Christianis
1043 1668 1114 1732 odi·

167 1786 237 1844 um,
246 1766 389 1830 exhibet
403 1766 635 1844 manifestum,
645 1767 689 1830 ad
699 1767 980 1831 exterminandas
994 1768 1115 1833 domos

171 1866 368 1951 Hospitalis
393 1874 430 1933 et
445 1867 591 1931 fratrum
615 1866 748 1930 militiae
770 1866 918 1951 Templi,
941 1887 1004 1949 per
1026 1887 1113 1950 quas

167 1967 321 2051 reliquiae
341 1975 444 2032 terrae
467 1975 597 2031 sanctae
620 1966 788 2031 hactenus
810 1973 893 2031 sunt
907 1969 1113 2046 observatae,

166 2067 270 2150 impie
286 2067 510 2132 annullando.
554 2068 609 2131 De
625 2067 789 2132 mandato
806 2069 896 2131 enim
914 2067 1007 2131 illins
1024 2067 1114 2132 inter

166 2167 358 2232 Saracenos
384 2175 419 2232 et
441 2167 658 2232 Christianos
681 2167 748 2230 fide
772 2167 884 2232 fracta
902 2174 1113 2249 treugarum,

165 2287 242 2331 cnm
265 2268 447 2333 Saracenis
464 2282 526 2352 per
542 2275 653 2332 terras
674 2268 850 2331 domorum
872 2267 1113 2351 praedictarum

166 2366 338 2432 hostiliter
365 2369 538 2451 equitans,
560 2368 682 2432 occisis
710 2375 745 2431 et
764 2368 875 2451 captis
901 2368 1112 2452 quampluri·

167 2469 244 2545 mis,
259 2488 338 2532 cum
359 2468 496 2551 praedas
516 2468 647 2552 pluries
669 2468 909 2546 abduxissent,
925 2467 1116 2552 Templarii

166 2587 211 2631 ex
236 2568 303 2633 hoc
323 2569 409 2632 moti
432 2569 695 2632 insurrexerunt
716 2575 838 2632 contra
855 2570 962 2651 ipsos,
981 2576 1017 2632 et
1037 2588 1115 2631 cum

165 2667 302 2751 praedas
336 2669 560 2733 abstulissent
589 2667 632 2731 ad
659 2669 848 2732 valentiam
876 2688 939 2732 sex
969 2667 1115 2732 millium

165 2787 371 2846 marcarum,
388 2768 554 2846 Thomas,
569 2786 684 2831 comes
699 2767 913 2846 Atterarum,
928 2770 1114 2851 imperato-

165 2869 213 2931 ris
234 2868 384 2953 bajulus,
409 2868 479 2931 illis
503 2868 738 2945 redeuntibus,
756 2868 959 2931 furibundus
984 2876 1019 2932 et
1036 2888 1114 2931 cur·

164 2987 257 3046 rcus,
271 2968 414 3033 eandem
428 2968 593 3052 praedam,
604 2967 690 3051 ipsis
701 2987 771 3030 non
782 2968 999 3045 audentibus,
1008 2967 1115 3050 juxta

164 3068 294 3132 ordinis
327 3069 382 3132 sui
411 3069 585 3145 instituta,
618 3086 758 3131 manum
791 3075 959 3132 armatam
991 3074 1115 3131 contra

166 3168 382 3233 Christianos
399 3169 544 3249 erigere,
564 3167 707 3231 abstulit
726 3167 895 3231 violenter
917 3175 951 3231 et
965 3166 1115 3230 reddidit

165 3268 358 3347 Saracenis,
387 3276 515 3351 praeter
541 3267 712 3349 quaedam,
739 3287 816 3349 quae
841 3267 932 3330 idem
960 3265 1113 3329 Thomas

165 3369 230 3432 sihi
244 3369 370 3433 dicitur
380 3377 584 3432 retentasse.
620 3366 723 3445 Quod
737 3369 768 3430 si
781 3367 944 3431 Saraceni
959 3366 1113 3449 praedam

165 3469 322 3532 auferant
347 3464 565 3545 Christianis,
590 3467 703 3531 dictus
732 3466 884 3530 Thomas
910 3486 979 3530 non
1001 3466 1113 3529 solnm

164 3569 208 3632 ad
225 3569 519 3652 recuperationem
544 3567 619 3652 ejus
639 3566 797 3643 intendit,
821 3566 880 3630 sed
899 3585 962 3629 nec
980 3567 1114 3648 patitur

163 3676 203 3732 ut
219 3668 408 3732 Christiani
424 3668 577 3751 praedam
593 3667 779 3749 aliquando
797 3667 955 3730 auferant
969 3665 1113 3729 Sarace-

164 3769 239 3847 nis3
268 3787 375 3851 quare
394 3767 604 3844 factumest,
627 3774 666 3830 ut
685 3766 737 3830 illi
757 3786 802 3831 ex
823 3766 889 3830 hoc
911 3766 1112 3830 insolentio-

163 3888 219 3932 res
236 3868 349 3933 effccti
370 3875 508 3932 nostros
527 3867 693 3931 audacter
709 3866 926 3949 impugnent,
950 3871 986 3929 et
1002 3866 1113 3930 nostri

162 3967 367 4052 proditionis
397 3967 587 4051 periculum
613 3965 837 4031 formidantes
864 3965 978 4029 minus
1007 3966 1113 4029 aude-

164 4078 225 4132 ant
247 4067 425 4150 refragari,
447 4075 482 4133 et
497 4069 547 4130 sic
575 4066 695 4130 effusio
722 4066 901 4147 sanguinis
924 4064 1115 4129 Christiani

164 4187 411 4252 nonnunquam
442 4169 478 4231 in
505 4167 723 4251 imperatoris
755 4165 950 4229 damnabile
981 4167 1112 4229 lucrum
