2864 4866
171 579 226 618 Μ).
238 578 294 618 1217.

173 2172 275 2221 Sea-figur
283 2171 307 2212 in

173 2223 211 2263 the
219 2223 317 2263 channel.

330 387 374 452 28
585 402 720 453 uocum
744 402 791 450 ns
814 401 1021 450 wunnovua

334 563 437 626 toties
458 562 500 626 de
523 581 693 626 consensu
716 560 776 624 filii
800 559 914 624 fuerat
936 560 1061 623 acriter
1082 559 1282 640 increpatus

333 680 478 744 opopa,
501 680 670 724 summam
697 661 827 742 negotii
852 661 1016 742 imposuit
1040 659 1141 723 uxori
1166 657 1283 722 Lodo-

333 762 423 839 wici,
468 780 546 843 quae
581 781 651 824 non
688 761 841 842 segniter
874 779 946 823 rem
982 760 1047 823 sibi
1085 759 1283 841 impositam

332 880 528 944 exsequens
556 861 683 925 milites
709 866 881 924 trecentos
912 866 1072 924 strenuos
1098 869 1132 924 ct
1159 858 1196 920 in
1229 877 1284 921 re·

332 962 397 1024 bus
420 961 626 1026 militaribus
653 961 739 1025 bene
768 969 911 1042 paratos
939 960 975 1022 in
1003 958 1196 1037 subsidium
1218 958 1286 1021 viri

334 1062 389 1124 sui
421 1081 497 1124 cum
538 1061 649 1124 multa
682 1067 892 1124 armatorum
932 1078 1036 1123 manu
1066 1058 1284 1123 transmittit.

334 1159 402 1224 Sed
421 1160 495 1225 haec
517 1161 632 1225 omnia
654 1180 770 1242 regem
786 1159 981 1242 Anglorum
999 1159 1108 1223 latere
1129 1177 1199 1221 non
1220 1176 1284 1239 po-

334 1267 461 1338 terant,
488 1261 547 1345 qui
571 1260 646 1344 jam
671 1261 803 1325 viribus
832 1259 1016 1341 resumptis
1046 1278 1123 1322 cum
1151 1258 1285 1339 ingenti

334 1361 490 1425 exercitu
518 1360 686 1425 australia
714 1361 818 1424 maris
844 1359 963 1423 littora
990 1365 1222 1442 occupaverat
1248 1365 1285 1422 et

334 1461 453 1525 urbem
483 1460 738 1536 Londoniarum
761 1479 853 1523 nunc
875 1459 1077 1524 decreverat
1106 1458 1284 1523 obsidione

335 1560 489 1638 vallare;
517 1560 711 1641 assignavit
728 1578 811 1641 ergo
834 1579 910 1634 rex,
933 1558 975 1622 de
998 1559 1142 1622 consilio
1165 1558 1283 1639 magni

336 1659 570 1734 Mareschalli‚
599 1659 798 1742 Philippum
826 1659 869 1722 de
896 1657 1066 1723 Albencio
1092 1665 1126 1723 et
1149 1657 1283 1721 Johan-

334 1755 412 1822 nem
437 1758 705 1823 Mareschallum
724 1758 826 1822 simul
844 1777 921 1822 cum
940 1759 1093 1842 quinque
1114 1757 1284 1840 portubus

336 1866 371 1923 et
386 1858 463 1922 aliis
487 1859 629 1922 armatis
651 1858 783 1935 multis,
801 1858 860 1942 qui
882 1859 1024 1922 semitas
1046 1857 1151 1921 maris
1174 1857 1287 1921 soler·.

335 1966 388 2022 ter
407 1959 625 2042 speculantes
657 1959 867 2025 Francorum
892 1959 1114 2042 explorarent
1135 1964 1171 2021 ct
1192 1977 1283 2040 prae-

334 2056 494 2141 pedirent
508 2059 706 2124 adventum.

338 2197 342 2205 ,
404 2159 518 2240 Igitur
547 2160 583 2222 in
616 2159 672 2223 die
706 2160 818 2224 sancti
852 2159 1002 2243 apostoli
1036 2155 1285 2223 Bartholomaei

336 2259 458 2322 classis
478 2258 690 2322 Francorum
714 2260 902 2324 Eustochio
923 2258 1109 2335 Monacho,
1130 2259 1204 2322 viro
1221 2257 1285 2320 fla-

337 2357 561 2440 gitiosissimo
600 2365 635 2423 et
666 2352 674 2389 ¹
686 2358 807 2440 piratae
845 2360 1068 2442 nequissimo,
1101 2358 1285 2422 commissa

337 2466 402 2535 est,
434 2465 474 2521 ut
495 2477 570 2522 eam
599 2459 663 2521 sub
693 2458 791 2522 salvo
818 2461 862 2523 ad
885 2461 1004 2523 urbem
1027 2457 1285 2522 Londoniarum

337 2557 545 2622 conduceret
568 2565 604 2621 et
628 2558 800 2640 integram
834 2558 1020 2623 Lodowico
1048 2564 1286 2639 praesentaret.

336 2656 495 2738 ‘Ingressi
522 2659 640 2740 itaque
668 2678 761 2723 mare
789 2659 915 2723 milites
938 2657 1129 2741 supradicti
1156 2658 1287 2721 habue-

338 2765 421 2821 runt
452 2776 475 2820 a
496 2764 596 2839 tergo
626 2757 746 2821 flatum
770 2759 959 2840 turgidum,
991 2759 1050 2842 qui
1082 2776 1142 2821 eos
1165 2776 1286 2822 versus

338 2855 503 2939 Angliam
526 2857 746 2932 vehementer
774 2859 933 2940 urgebat,
960 2860 1021 2923 sed
1048 2858 1192 2923 insidias
1220 2858 1287 2921 sibi

267 3014 270 3019 .
338 2956 445 3021 fuisse
462 2965 603 3040 paratas
619 2957 776 3022 funditus
793 2959 1012 3039 ignorabant.
1064 2956 1151 3021 Cum
1170 2959 1288 3038 itaque

339 3054 461 3139 rapido
484 3058 604 3122 volatu
632 3057 776 3122 multam
808 3059 913 3123 maris
935 3060 1027 3124 viam
1053 3059 1183 3129 emensi
1205 3057 1288 3119 suis-

338 3164 428 3234 scnt,
460 3158 583 3240 piratae
614 3158 707 3240 regis
733 3155 928 3240 Anglorum
953 3179 998 3223 cx
1031 3158 1170 3240 obliquo
1193 3156 1289 3221 veni-

340 3263 436 3321 entes
473 3257 664 3322 recensitae'
686 3266 768 3322 sunt
795 3259 832 3322 in
871 3265 971 3342 parte
1004 3259 1151 3323 adversa
1182 3258 1289 3322 naves

340 3364 463 3439 quater
478 3358 615 3439 viginti,
633 3366 845 3441 quapropter
862 3359 1051 3422 timuerunt
1064 3357 1191 3420 bellum
1208 3377 1289 3420 con-

340 3476 454 3520 serere
485 3456 609 3522 navale
638 3478 716 3521 cum
748 3458 897 3522 navibus
928 3458 1059 3540 pauciS,
1087 3475 1166 3538 quae
1199 3456 1290 3520 inter

341 3555 472 3637 galeias
488 3564 523 3622 et
540 3576 654 3622 naves·
671 3557 758 3620 alias
778 3576 957 3620 numerum
977 3555 1289 3638 quadragenarium

340 3674 410 3718 non
428 3663 673 3736 excesserunt3
696 3657 757 3722 sed
780 3655 920 3720 tandem
938 3655 981 3719 de
1003 3675 1098 3732 casu,
1114 3656 1174 3738 qui
1197 3655 1289 3737 apud

342 3752 558 3820 Lincolniam
590 3756 774 3833 acciderat,
807 3757 935 3838 inquo
967 3756 1070 3839 pauci
1099 3756 1142 3819 de
1172 3756 1289 3819 multis

341 3854 612 3937 triumpharunt,
640 3856 783 3920 animati
815 3857 980 3920 audacter
1007 3876 1029 3920 a
1056 3863 1155 3938 tergo
1182 3857 1291 3919 irrue-

341 3960 424 4018 runt
445 3955 481 4017 in
509 3954 651 4034 hostes;
685 3956 776 4039 quod
809 3976 886 4020 cum
911 3957 1138 4038 Francigenae
1161 3975 1289 4036 cogno-

623 4162 631 4195 ¹
644 4165 762 4228 Piratae]
779 4161 911 4215 ‘Pietate’
923 4166 948 4214 in
961 4166 1017 4215 MS.
