2864 4866
387 426 527 478 ruerus
551 430 821 480 ursrorunnuu.
1037 418 1080 485 81

128 586 315 665 stantibus,
342 588 395 653 vir
421 589 562 672 quidam
590 610 737 674 magnus
762 591 797 655 iu
828 591 981 669 civitate,
1001 612 1079 655 cum
1092 611 1214 651 rouro.

128 687 279 752 tumultu
312 689 431 772 populi
462 693 669 756 sententiam
704 690 860 774 protulit,
893 699 931 757 ut
964 694 1081 758 omnia

127 787 274 852 aedificia
296 790 433 854 abbatis
446 791 748 857 westmonasterii
767 800 802 857 et
817 791 939 855 domus
963 812 1081 857 senes·

127 887 232 952 cballi
254 890 410 972 praedicti
428 891 645 956 diruerentur
665 900 701 956 et
716 893 791 956 solo
808 900 908 957 tenus
928 894 1079 975 compla-

129 995 306 1067 narentur‚
328 991 437 1055 ethis
462 991 562 1056 dictis
588 993 698 1057 exivit
722 993 884 1069 edictum,
911 1001 949 1057 ut
972 1012 1080 1076 quau-

127 1089 239 1152 tocius
256 1089 476 1156 Constantini
497 1093 670 1157 sententia
692 1093 931 1175 compleretur.
985 1092 1080 1172 Quid

128 1188 253 1271 plural
296 1190 540 1257 Irrationabile
562 1193 689 1276 vulgus
714 1213 792 1256 cum
819 1185 897 1256 aliis
927 1193 969 1256 de
997 1194 1078 1257 civi-

128 1295 201 1354 tate
223 1291 298 1354 sine
323 1291 441 1356 ordine
464 1293 688 1374 procedentes
707 1293 809 1357 civile
834 1293 959 1356 bellum
986 1293 1078 1358 Con-

127 1389 281 1455 stantino
301 1394 432 1475 praevio
454 1393 710 1471 commiserunt,
727 1401 844 1476 atque,
863 1393 980 1457 multis
998 1395 1080 1458 sub·

129 1491 237 1554 versis
260 1492 403 1571 aedibus,
422 1493 584 1558 damnum
608 1515 677 1558 non
700 1494 871 1559 modicum
892 1495 1008 1558 abbati
1026 1495 1077 1557 in·

129 1589 292 1656 tulerunt.
343 1593 412 1657 Sed
435 1614 489 1658 res
505 1602 616 1676 gesta,
638 1614 716 1676 quae
735 1594 795 1656 diu
811 1595 919 1659 latere
934 1615 1003 1658 non
1020 1614 1078 1676 po

129 1691 208 1768 tuit,
235 1712 313 1756 cum
340 1693 384 1757 ad
411 1714 512 1759 aures
539 1695 690 1760 Huberti
713 1695 755 1758 de
781 1695 912 1776 Burgo,
938 1693 1077 1775 Angliae

123 1789 321 1874 justiciarii,
339 1797 565 1877 pervenisset,
580 1795 733 1861 collectis
748 1794 869 1877 copiis,
887 1793 931 1857 ad
949 1800 1078 1858 turrem

130 1889 386 1958 Londoniarum
424 1897 588 1979 perrexit,
625 1915 666 1959 ac
696 1896 837 1958 nuntios
869 1894 1008 1958 mittens
1042 1893 1078 1956 in

127 1991 303 2058 civitatem
326 1996 502 2079 praecepit,
524 2004 562 2061 ut
577 1996 726 2080 majores
744 2002 827 2059 natu
844 1993 888 2058 ad
905 2013 1078 2057 eumcum

129 2090 347 2158 festinatione
377 2097 559 2174 venirent3
599 2097 760 2180 quicum
790 2101 906 2159 essent
937 2095 974 2157 in
1001 2094 1077 2178 ejus

128 2195 314 2274 praesentia
342 2198 534 2274 constituti,
562 2197 804 2260 sciscitabatur
839 2195 883 2259 ab
921 2192 982 2271 eis,
1018 2196 1078 2276 qui

129 2291 231 2358 factae
260 2295 439 2360 seditionis
474 2296 681 2381 principales
718 2302 816 2360 eraut
847 2302 1004 2359 auctores
1037 2314 1078 2359 ac

129 2395 349 2460 subversores
375 2398 480 2478 regiae
506 2397 670 2474 civitatis,
698 2404 733 2460 et
757 2397 817 2478 qui
840 2415 960 2477 pacem
985 2395 1077 2477 regis

127 2495 313 2578 infringere
339 2505 643 2580 praesumpserant.
694 2496 794 2561 Tunc
815 2495 1077 2572 Constantinus,

129 2596 189 2678 qui
203 2603 366 2662 constans
381 2598 446 2662 fuit
462 2599 497 2661 in
514 2597 692 2674 seditione,
710 2595 924 2661 constantior
941 2595 1078 2660 exstitit

128 2695 165 2759 iu
181 2698 415 2779 responsione,
438 2718 594 2763 asserens
617 2719 654 2762 se
676 2698 762 2761 illud
780 2697 910 2760 factum
927 2714 1076 2760 warran-

127 2796 324 2874 tizaturum,
357 2806 462 2881 atque
494 2799 712 2863 audientibus
741 2796 874 2860 cunctis
898 2796 1078 2876 conqueri-

129 2904 187 2962 tur
203 2899 369 2962 seminus
386 2899 508 2963 secisse
526 2919 630 2981 quam
651 2899 693 2962 de
707 2899 787 2981 jure
804 2896 876 2959 fieri
890 2894 1076 2959 debuisset.

129 2996 180 3063 At
199 2997 426 3081 justiciarius,
448 3000 569 3064 audita
590 2999 665 3082 ejus
687 2996 912 3072 consessione,
938 2994 1078 3058 retinuit

130 3118 207 3162 eum
222 3099 354 3182 absque
369 3101 462 3163 omni
475 3099 638 3175 tumultu,
654 3105 688 3163 et
703 3098 791 3160 duos
809 3095 897 3160 alios
918 3114 996 3157 cum
1014 3113 1076 3171 eo;

128 3206 176 3275 et,
205 3199 298 3263 facto
329 3219 442 3277 mane,
474 3201 567 3264 misit
600 3199 795 3262 Falcasium
826 3215 904 3259 cum
936 3194 1078 3258 armatis

129 3298 247 3362 multis
269 3320 331 3382 per
357 3300 588 3365 Tbamensem
611 3298 766 3373 fiuvium,
794 3296 853 3378 qui
878 3293 1078 3359 Constanti·

131 3420 212 3463 num
247 3401 451 3483 praedictum
489 3400 533 3464 ad
570 3398 792 3481 suspendium
831 3395 1078 3477 perduxerunt.

130 3498 219 3563 Cum
241 3508 358 3565 autem
380 3501 541 3583 laqueum
564 3500 654 3564 collo
677 3517 741 3562 suo
765 3495 961 3578 appositum
984 3501 1079 3557 etse

131 3601 224 3665 omni
240 3601 371 3664 auxilio
387 3600 590 3665 destitutum
608 3597 857 3680 conspexisset,
874 3594 1000 3659 obtulit
1017 3614 1080 3675 pro

132 3700 204 3765 vita
228 3700 386 3765 habenda
413 3700 606 3783 quindecim
636 3699 744 3762 millia
771 3714 906 3760 marcas
932 3695 1079 3775 argenti,

132 3801 192 3866 sed
210 3801 294 3864 nihil
312 3801 451 3865 omnino
466 3800 622 3882 profecit.
674 3799 871 3880 Suspensus
894 3801 1007 3857 autem
1027 3802 1080 3858 est

131 3901 189 3965 ille
221 3909 256 3965 et
287 3901 536 3966 Constantinus
568 3920 675 3981 nepos
706 3899 793 3981 ejuS,
822 3916 900 3959 cum
930 3892 1079 3976 quodam

132 4001 313 4079 (lanfrido,
345 4002 406 4085 qui
436 4001 584 4065 edictum
618 3998 838 4063 Constantini
871 3996 906 4057 iu
940 3991 1080 4057 civitate

131 4190 170 4240 for
191 4195 235 4239 not
252 4189 372 4252 lulfilliug
388 4189 431 4238 the
453 4185 669 4289 conditiouspand
692 4185 791 4244 Henry,
812 4197 843 4230 ou
866 4180 965 4240 coming
987 4181 1013 4226 to
1038 4176 1080 4225 the

131 4261 161 4311 of
178 4261 221 4311 tbe
246 4264 328 4321 treaty
353 4260 468 4309 between
494 4256 599 4307 himself
619 4255 717 4306 throne.

184 4353 262 4399 VOL.
286 4351 335 4399 lv.
570 4417 579 4432 ,
910 4342 930 4387 G
