2864 4866
447 402 587 457 annuus
610 407 882 458 ursroumuuu.
1068 392 1134 459 285

185 567 244 648 qui
270 567 410 633 venient
435 568 472 632 in
503 576 603 633 tanta
628 568 859 647 multitudine,
888 566 981 650 quod
1007 586 1132 651 coope-

183 668 274 731 rient
294 675 402 732 totam
419 677 557 734 terram.
608 666 666 732 Ad
688 668 763 732 haec
785 668 869 733 dicit
889 668 1130 747 Marescallus,

184 766 293 830 ‘Rex
316 767 497 832 ditiorme
519 769 565 832 sit
584 776 619 832 et
638 770 823 851 potentior,
840 789 960 833 verum
982 776 1047 846 est,
1069 769 1130 833 sed

186 886 255 930 non
280 869 456 950 potentior
476 874 530 932 est
552 869 641 945 Deo,
663 867 723 951 qui
745 876 799 933 est
817 870 895 952 ipsa
922 869 1073 952 justitia,
1095 871 1132 934 in

185 986 287 1048 quem
318 967 453 1033 confido
482 968 518 1032 in
550 968 811 1033 conservatione
836 976 872 1033 et
893 970 1132 1052 perseeutione

179 1065 272 1150 juris
299 1068 366 1131 mei
393 1075 428 1131 et
448 1068 567 1149 regni3
597 1088 661 1132 nec
688 1067 823 1133 confido
850 1069 887 1132 in
913 1069 1131 1151 alienigenis,

187 1186 250 1231 nec
272 1167 425 1250 ipsorum
450 1167 775 1232 confoederationem
797 1174 935 1251 appeto,
958 1187 1022 1232 nec
1044 1189 1134 1234 aux-

186 1266 283 1330 ilinm
315 1267 496 1343 invocabo,
526 1267 606 1344 nisi,
637 1266 729 1349 quod
757 1268 860 1345 absit,
888 1269 1068 1352 inopinata
1097 1278 1132 1334 et

185 1367 391 1431 immutabili
428 1367 526 1431 suero
564 1368 769 1431 necessitate
808 1368 1016 1452 compulsus.
1086 1369 1133 1435 Et

186 1466 274 1530 bene
294 1469 378 1545 scio,
396 1467 488 1549 quod
512 1487 574 1531 rex
596 1474 711 1549 potest
727 1474 859 1551 septem
882 1476 1003 1533 contra
1025 1490 1131 1535 unum

187 1566 367 1645 adducere,
390 1587 493 1650 quem
515 1587 581 1649 ego
603 1566 772 1632 adducere
796 1586 950 1651 possum,
972 1577 1008 1634 et
1029 1571 1132 1635 credo

188 1666 280 1748 quod
302 1667 405 1731 nimis
424 1668 493 1732 cito
512 1674 566 1731 tot
586 1666 733 1731 adducet
748 1687 809 1749 per
823 1668 1004 1732 consilium
1019 1689 1132 1748 suum,

187 1767 278 1849 quod
300 1787 369 1832 non
391 1768 496 1832 habet
518 1786 580 1850 per
602 1785 690 1850 quos
713 1765 788 1850 ipse
805 1775 840 1832 et
856 1787 1000 1849 regnum
1022 1769 1132 1850 ipsius

188 1867 337 1951 abipsis
359 1867 667 1951 possit<liberare3
701 1886 781 1930 nam
809 1886 831 1931 a
855 1867 939 1932 viris
962 1867 1028 1931 fide
1055 1869 1133 1952 dig-

188 1967 242 2030 nis
257 1967 371 2046 didici,
385 1968 476 2052 quod
492 1966 743 2032 Wintoniensis
763 1967 944 2051 episcopus
959 1969 1133 2052 obligatus

187 2065 233 2130 sit
256 2067 457 2151 imperatori
484 2067 656 2146 Romano,
680 2067 771 2150 quod
795 2067 900 2131 faciet
922 2073 1033 2132 totum
1059 2067 1133 2133 An-

189 2166 268 2248 gliae
285 2187 430 2249 regnum
450 2167 518 2251 ipsi
540 2167 775 2252 subjugatum,
798 2178 834 2231 et
855 2166 920 2231 hoc
941 2185 963 2230 a
980 2174 1133 2252 tempore

188 2286 257 2349 quo
278 2287 357 2332 cum
379 2267 456 2351 ipso
475 2267 543 2332 fuit
562 2268 775 2351 inpartibus
797 2267 1035 2331 transmarinis
1054 2287 1063 2348 ;
1096 2275 1133 2332 et

189 2366 266 2431 ideo
282 2387 442 2449 guerram
457 2366 561 2431 istam
583 2367 777 2449 specialiter
794 2366 935 2450 incepit,
951 2373 991 2432 ut
1007 2387 1051 2432 ex
1067 2367 1133 2432 boc

189 2473 329 2550 sumpta
357 2468 536 2532 occasione
569 2467 666 2550 prius
697 2485 800 2549 posse
836 2467 1065 2550 imperatoris,
1098 2475 1134 2532 et

189 2574 311 2649 postea
331 2565 445 2651 ipsum
468 2568 710 2651 imperatorem
725 2574 887 2647 vocaret;
909 2574 945 2632 et
965 2567 1031 2632 hoc
1052 2588 1133 2650 pro·

189 2668 302 2732 babile
324 2668 471 2744 videtur,
494 2667 576 2749 quia
597 2667 634 2730 in
656 2664 828 2732 discordia
849 2668 941 2749 regis
967 2669 1134 2733 abscessit

189 2768 233 2831 ab
250 2766 391 2849 Anglia‚
412 2776 448 2832 et
467 2767 569 2832 modo
586 2766 696 2851 jurat,
715 2767 807 2850 quod
824 2773 877 2831 tot
898 2765 1003 2832 faciet
1015 2770 1134 2832 venire

189 2868 225 2932 in
237 2865 415 2950 Angliam,
429 2867 520 2950 quod
533 2867 731 2950 cooperient
745 2873 854 2930 totam
869 2865 1020 2931 terram!
1043 2867 1132 2932 Item

190 2967 307 3033 dicunt
332 2968 517 3033 consiliarii
543 2967 646 3049 regis,
673 2973 787 3031 tutum
812 2984 889 3030 esse
913 2965 1133 3044 Marescallo,

189 3075 229 3132 ut
245 3087 283 3132 se
299 3075 473 3151 supponat
493 3066 737 3132 misericordiae
755 3065 843 3150 ejus,
862 3065 946 3149 quia
966 3073 1081 3149 potest
1097 3068 1133 3131 in

188 3186 305 3250 regem
331 3168 501 3232 confidere
529 3174 565 3232 et
586 3166 790 3231 consiliariis
818 3166 916 3250 ejus;
947 3165 983 3229 in
1005 3184 1133 3248 regem,

189 3267 272 3350 quia
293 3267 486 3332 misericors
508 3275 543 3331 et
563 3265 734 3331 credibilis
755 3272 831 3346 est3
857 3266 894 3328 in
917 3266 1133 3346 consiliariis,

188 3367 270 3450 quia
286 3386 461 3450 nunquam
480 3365 689 3431 Marescallo
705 3365 833 3429 malum
849 3373 1133 3447 procuraverunt,

187 3467 257 3532 imo
268 3467 417 3550 diligunt
428 3487 506 3532 eum
519 3467 556 3530 in
569 3465 726 3531 veritate.
760 3463 816 3528 Ad
832 3464 906 3529 haec
922 3465 1133 3547 respondens

189 3567 417 3632 Marescallus
441 3567 536 3644 dicit,
552 3566 644 3649 quod
667 3566 778 3629 ‘bene
803 3570 1016 3647 potestesse
1040 3566 1132 3649 quod

187 3687 252 3731 rex
271 3668 463 3733 misericors
488 3667 548 3744 sit,
572 3666 632 3730 sed
654 3664 818 3729 seductus
835 3671 889 3728 est
909 3664 1052 3729 consilio
1074 3686 1133 3730 eo-

187 3786 263 3831 rum
287 3787 349 3850 per
365 3786 451 3850 quos
476 3754 711 3848 nos'graviter
731 3765 833 3829 laesos
854 3765 1033 3844 sentimus.
1086 3767 1133 3831 Et

187 3867 279 3950 quod
296 3887 359 3931 rex
372 3867 418 3932 sit
434 3865 605 3932 credibilis
621 3858 734 3948 ¹patet
746 3871 913 3946 quantum
930 3865 966 3928 in
983 3884 1020 3929 se
1034 3865 1131 3949 ipso;

187 3966 261 4044 sed,
286 3972 453 4049 quantum
476 3966 520 4030 ad
546 3964 726 4030 consilium
755 3964 830 4048 ejus
858 3965 1020 4046 pertinet,
1043 3965 1133 4044 dico,

223 4144 317 4196 ¹Putet
333 4148 448 4213 quantum
464 4143 491 4192 iu
507 4158 533 4194 re
549 4143 628 4210 ipra]
647 4143 756 4195 ‘Potest
766 4158 832 4207 esse,
845 4147 968 4206 quantum
984 4144 1011 4192 in
1027 4157 1056 4193 se
1070 4143 1127 4204 ipso

185 4219 211 4267 in
225 4219 254 4268 0.
449 4228 454 4235 ·

1143 582 1199 627 ἉΙΒΙ
1212 586 1269 626 12331

1144 637 1254 686 Properate

1143 688 1205 726 made
1214 688 1241 736 by
1250 687 1288 726 the

1143 738 1196 786 king
1204 740 1226 776 to
1235 738 1274 778 the

1143 788 1243 828 marshal.
