<?xml version="1.0" encoding="UTF-8"?>
<!DOCTYPE html PUBLIC "-//W3C//DTD XHTML 1.0 Transitional//EN"
    "http://www.w3.org/TR/xhtml1/DTD/xhtml1-transitional.dtd">
<html xmlns="http://www.w3.org/1999/xhtml" xml:lang="en" lang="en">
 <head>
  <title>
</title>
<meta http-equiv="Content-Type" content="text/html;charset=utf-8" />
  <meta name='ocr-system' content='tesseract 3.04.00' />
  <meta name='ocr-capabilities' content='ocr_page ocr_carea ocr_par ocr_line ocrx_word'/>
</head>
<body>
  <div class='ocr_page' id='page_1' title='image "./rogeridewendove03rogegoog_0047.png"; bbox 0 0 2864 4866; ppageno 0'>
   <div class='ocr_carea' id='block_1_1' title="bbox 353 412 1041 477">
    <p class='ocr_par' dir='ltr' id='par_1_1' title="bbox 353 412 1041 477">
     <span class='ocr_line' id='line_1_1' title="bbox 353 412 1041 477; baseline -0.015 0"><span class='ocrx_word' id='word_1_1' title='bbox 353 412 397 477; x_wconf 80' lang='lat'><strong>36</strong></span> <span class='ocrx_word' id='word_1_2' title='bbox 604 424 737 474; x_wconf 83' lang='lat' dir='ltr'><strong>noennr</strong></span> <span class='ocrx_word' id='word_1_3' title='bbox 761 425 809 472; x_wconf 85' lang='lat' dir='ltr'><strong>nn</strong></span> <span class='ocrx_word' id='word_1_4' title='bbox 832 421 1041 472; x_wconf 83' lang='lat' dir='ltr'><strong>wunnovnn</strong></span> 
     </span>
    </p>
   </div>
   <div class='ocr_carea' id='block_1_2' title="bbox 196 578 1309 1052">
    <p class='ocr_par' dir='ltr' id='par_1_2' title="bbox 196 578 1309 1052">
     <span class='ocr_line' id='line_1_2' title="bbox 196 578 1307 667; baseline -0.01 -15"><span class='ocrx_word' id='word_1_5' title='bbox 196 605 249 644; x_wconf 75' lang='lat' dir='ltr'><strong>nv.</strong></span> <span class='ocrx_word' id='word_1_6' title='bbox 261 604 316 643; x_wconf 77' lang='lat'><strong>¹21⁸·</strong></span> <span class='ocrx_word' id='word_1_7' title='bbox 355 592 615 662; x_wconf 85' lang='lat' dir='ltr'><strong>consenserunt,</strong></span> <span class='ocrx_word' id='word_1_8' title='bbox 654 592 693 649; x_wconf 93' lang='lat' dir='ltr'><strong>ut</strong></span> <span class='ocrx_word' id='word_1_9' title='bbox 731 585 914 667; x_wconf 87' lang='lat' dir='ltr'><strong>episcopus</strong></span> <span class='ocrx_word' id='word_1_10' title='bbox 957 587 1167 646; x_wconf 91' lang='lat' dir='ltr'><strong>memoratus</strong></span> <span class='ocrx_word' id='word_1_11' title='bbox 1207 578 1307 642; x_wconf 88' lang='lat' dir='ltr'><strong>daret</strong></span> 
     </span>
     <span class='ocr_line' id='line_1_3' title="bbox 357 681 1307 766; baseline -0.012 -15"><span class='ocrx_word' id='word_1_12' title='bbox 357 687 512 751; x_wconf 90' lang='lat' dir='ltr'><strong>Roberto</strong></span> <span class='ocrx_word' id='word_1_13' title='bbox 539 685 582 749; x_wconf 88' lang='lat' dir='ltr'><strong>de</strong></span> <span class='ocrx_word' id='word_1_14' title='bbox 610 683 728 766; x_wconf 84' lang='lat' dir='ltr'><strong>Gaugi</strong></span> <span class='ocrx_word' id='word_1_15' title='bbox 757 703 820 766; x_wconf 94' lang='lat' dir='ltr'><strong>pro</strong></span> <span class='ocrx_word' id='word_1_16' title='bbox 850 681 1070 758; x_wconf 84' lang='lat' dir='ltr'><strong>victualibus,</strong></span> <span class='ocrx_word' id='word_1_17' title='bbox 1093 699 1172 763; x_wconf 87' lang='lat' dir='ltr'><strong>quae</strong></span> <span class='ocrx_word' id='word_1_18' title='bbox 1204 684 1307 742; x_wconf 89' lang='lat' dir='ltr'><strong>erant</strong></span> 
     </span>
     <span class='ocr_line' id='line_1_4' title="bbox 356 778 1308 863; baseline -0.011 -13"><span class='ocrx_word' id='word_1_19' title='bbox 356 788 393 850; x_wconf 93' lang='lat' dir='ltr'><strong>in</strong></span> <span class='ocrx_word' id='word_1_20' title='bbox 416 785 572 863; x_wconf 87' lang='lat' dir='ltr'><strong>castello,</strong></span> <span class='ocrx_word' id='word_1_21' title='bbox 592 791 729 849; x_wconf 89' lang='lat' dir='ltr'><strong>centum</strong></span> <span class='ocrx_word' id='word_1_22' title='bbox 751 783 859 847; x_wconf 88' lang='lat' dir='ltr'><strong>libras</strong></span> <span class='ocrx_word' id='word_1_23' title='bbox 884 781 1152 863; x_wconf 70' lang='lat' dir='ltr'><strong>sterlingorum</strong></span> <span class='ocrx_word' id='word_1_24' title='bbox 1184 786 1219 842; x_wconf 90' lang='lat' dir='ltr'><strong>et</strong></span> <span class='ocrx_word' id='word_1_25' title='bbox 1243 778 1308 854; x_wconf 89' lang='lat' dir='ltr'><strong>sic,</strong></span> 
     </span>
     <span class='ocr_line' id='line_1_5' title="bbox 358 878 1309 966; baseline -0.009 -16"><span class='ocrx_word' id='word_1_26' title='bbox 358 885 535 950; x_wconf 84' lang='lat' dir='ltr'><strong>obsidione</strong></span> <span class='ocrx_word' id='word_1_27' title='bbox 567 884 694 962; x_wconf 89' lang='lat' dir='ltr'><strong>soluta,</strong></span> <span class='ocrx_word' id='word_1_28' title='bbox 730 883 969 966; x_wconf 90' lang='lat' dir='ltr'><strong>unusquisque</strong></span> <span class='ocrx_word' id='word_1_29' title='bbox 1002 880 1047 945; x_wconf 87' lang='lat' dir='ltr'><strong>ad</strong></span> <span class='ocrx_word' id='word_1_30' title='bbox 1082 878 1222 963; x_wconf 88' lang='lat' dir='ltr'><strong>propria</strong></span> <span class='ocrx_word' id='word_1_31' title='bbox 1252 896 1309 941; x_wconf 86' lang='lat' dir='ltr'><strong>re·</strong></span> 
     </span>
     <span class='ocr_line' id='line_1_6' title="bbox 359 985 499 1052; baseline 0.014 -3"><span class='ocrx_word' id='word_1_32' title='bbox 359 985 499 1052; x_wconf 79' lang='lat' dir='ltr'><strong>meavit.</strong></span> 
     </span>
    </p>
   </div>
   <div class='ocr_carea' id='block_1_3' title="bbox 377 1151 1298 1343">
    <p class='ocr_par' dir='ltr' id='par_1_3' title="bbox 377 1151 1298 1343">
     <span class='ocr_line' id='line_1_7' title="bbox 377 1151 1298 1244; baseline -0.007 -22"><span class='ocrx_word' id='word_1_33' title='bbox 377 1158 426 1222; x_wconf 81' lang='lat' dir='ltr'><strong>Dc</strong></span> <span class='ocrx_word' id='word_1_34' title='bbox 441 1157 669 1244; x_wconf 77' lang='lat' dir='ltr'><strong>uwtionesaclc</strong></span> <span class='ocrx_word' id='word_1_35' title='bbox 685 1179 706 1222; x_wconf 84' lang='lat' dir='ltr'><strong>c</strong></span> <span class='ocrx_word' id='word_1_36' title='bbox 714 1155 891 1243; x_wconf 73' lang='lat' dir='ltr'><strong>pereprv‘nis</strong></span> <span class='ocrx_word' id='word_1_37' title='bbox 906 1164 995 1220; x_wconf 79' lang='lat' dir='ltr'><strong>terra</strong></span> <span class='ocrx_word' id='word_1_38' title='bbox 1007 1161 1119 1220; x_wconf 72' lang='lat' dir='ltr'><strong>sancta</strong></span> <span class='ocrx_word' id='word_1_39' title='bbox 1133 1152 1172 1218; x_wconf 79' lang='lat' dir='ltr'><strong>ab</strong></span> <span class='ocrx_word' id='word_1_40' title='bbox 1188 1151 1298 1217; x_wconf 77' lang='lat' dir='ltr'><strong>Achoo</strong></span> 
     </span>
     <span class='ocr_line' id='line_1_8' title="bbox 659 1256 1220 1343; baseline -0.009 -21"><span class='ocrx_word' id='word_1_41' title='bbox 659 1256 1010 1343; x_wconf 78' lang='lat' dir='ltr'><strong>usqueadDomietom.</strong></span> <span class='ocrx_word' id='word_1_42' title='bbox 1217 1261 1220 1266; x_wconf 87' lang='grc'><strong>’</strong></span> 
     </span>
    </p>
   </div>
   <div class='ocr_carea' id='block_1_4' title="bbox 201 1375 1321 3957">
    <p class='ocr_par' dir='ltr' id='par_1_4' title="bbox 201 1375 1321 3957">
     <span class='ocr_line' id='line_1_9' title="bbox 201 1375 1312 1481; baseline -0.005 -36"><span class='ocrx_word' id='word_1_43' title='bbox 201 1389 351 1481; x_wconf 47' lang='lat' dir='ltr'><strong>ffigtgg</strong></span> <span class='ocrx_word' id='word_1_44' title='bbox 413 1381 544 1446; x_wconf 91' lang='lat' dir='ltr'><strong>Eodem</strong></span> <span class='ocrx_word' id='word_1_45' title='bbox 572 1401 664 1446; x_wconf 89' lang='lat' dir='ltr'><strong>anno</strong></span> <span class='ocrx_word' id='word_1_46' title='bbox 690 1380 929 1445; x_wconf 86' lang='lat' dir='ltr'><strong>confirmatum</strong></span> <span class='ocrx_word' id='word_1_47' title='bbox 953 1379 1019 1444; x_wconf 87' lang='lat' dir='ltr'><strong>fuit</strong></span> <span class='ocrx_word' id='word_1_48' title='bbox 1042 1377 1222 1443; x_wconf 89' lang='lat' dir='ltr'><strong>consilium</strong></span> <span class='ocrx_word' id='word_1_49' title='bbox 1247 1375 1312 1440; x_wconf 91' lang='lat' dir='ltr'><strong>do·</strong></span> 
     </span>
     <span class='ocr_line' id='line_1_10' title="bbox 203 1475 1315 1565; baseline -0.007 -19"><span class='ocrx_word' id='word_1_50' title='bbox 203 1492 318 1532; x_wconf 60' lang='lat' dir='ltr'><strong>”amicte</strong></span> <span class='ocrx_word' id='word_1_51' title='bbox 364 1482 448 1547; x_wconf 92' lang='lat' dir='ltr'><strong>mini</strong></span> <span class='ocrx_word' id='word_1_52' title='bbox 483 1501 585 1565; x_wconf 89' lang='lat' dir='ltr'><strong>papae</strong></span> <span class='ocrx_word' id='word_1_53' title='bbox 626 1480 832 1558; x_wconf 90' lang='lat' dir='ltr'><strong>Innocentii,</strong></span> <span class='ocrx_word' id='word_1_54' title='bbox 865 1481 955 1544; x_wconf 92' lang='lat' dir='ltr'><strong>sicut</strong></span> <span class='ocrx_word' id='word_1_55' title='bbox 991 1479 1168 1563; x_wconf 90' lang='lat' dir='ltr'><strong>provisum</strong></span> <span class='ocrx_word' id='word_1_56' title='bbox 1198 1475 1315 1539; x_wconf 87' lang='lat' dir='ltr'><strong>fuerat</strong></span> 
     </span>
     <span class='ocr_line' id='line_1_11' title="bbox 362 1574 1313 1657; baseline -0.006 -12"><span class='ocrx_word' id='word_1_57' title='bbox 362 1582 401 1645; x_wconf 93' lang='lat' dir='ltr'><strong>in</strong></span> <span class='ocrx_word' id='word_1_58' title='bbox 424 1581 568 1646; x_wconf 90' lang='lat' dir='ltr'><strong>concilio</strong></span> <span class='ocrx_word' id='word_1_59' title='bbox 589 1581 828 1657; x_wconf 87' lang='lat' dir='ltr'><strong>Lateranensi,</strong></span> <span class='ocrx_word' id='word_1_60' title='bbox 850 1579 893 1643; x_wconf 88' lang='lat' dir='ltr'><strong>de</strong></span> <span class='ocrx_word' id='word_1_61' title='bbox 915 1577 1164 1643; x_wconf 88' lang='lat' dir='ltr'><strong>introducenda</strong></span> <span class='ocrx_word' id='word_1_62' title='bbox 1181 1574 1313 1640; x_wconf 85' lang='lat' dir='ltr'><strong>Christi</strong></span> 
     </span>
     <span class='ocr_line' id='line_1_12' title="bbox 365 1675 1314 1764; baseline -0.007 -19"><span class='ocrx_word' id='word_1_63' title='bbox 365 1681 488 1745; x_wconf 91' lang='lat' dir='ltr'><strong>militia</strong></span> <span class='ocrx_word' id='word_1_64' title='bbox 517 1682 553 1745; x_wconf 93' lang='lat' dir='ltr'><strong>in</strong></span> <span class='ocrx_word' id='word_1_65' title='bbox 576 1688 703 1745; x_wconf 88' lang='lat' dir='ltr'><strong>terram</strong></span> <span class='ocrx_word' id='word_1_66' title='bbox 731 1680 902 1764; x_wconf 82' lang='lat' dir='ltr'><strong>AEgypti3</strong></span> <span class='ocrx_word' id='word_1_67' title='bbox 936 1698 1053 1743; x_wconf 91' lang='lat' dir='ltr'><strong>meuse</strong></span> <span class='ocrx_word' id='word_1_68' title='bbox 1083 1677 1173 1742; x_wconf 92' lang='lat' dir='ltr'><strong>enim</strong></span> <span class='ocrx_word' id='word_1_69' title='bbox 1202 1675 1314 1752; x_wconf 87' lang='lat' dir='ltr'><strong>Maio,</strong></span> 
     </span>
     <span class='ocr_line' id='line_1_13' title="bbox 365 1775 1316 1863; baseline -0.004 -20"><span class='ocrx_word' id='word_1_70' title='bbox 365 1782 570 1863; x_wconf 84' lang='lat' dir='ltr'><strong>praeparatis</strong></span> <span class='ocrx_word' id='word_1_71' title='bbox 602 1781 803 1862; x_wconf 84' lang='lat' dir='ltr'><strong>engonibus,</strong></span> <span class='ocrx_word' id='word_1_72' title='bbox 834 1779 956 1862; x_wconf 86' lang='lat' dir='ltr'><strong>galeiis</strong></span> <span class='ocrx_word' id='word_1_73' title='bbox 990 1785 1025 1842; x_wconf 95' lang='lat' dir='ltr'><strong>et</strong></span> <span class='ocrx_word' id='word_1_74' title='bbox 1058 1778 1136 1842; x_wconf 84' lang='lat' dir='ltr'><strong>aliis</strong></span> <span class='ocrx_word' id='word_1_75' title='bbox 1167 1775 1316 1841; x_wconf 87' lang='lat' dir='ltr'><strong>navibus</strong></span> 
     </span>
     <span class='ocr_line' id='line_1_14' title="bbox 366 1874 1317 1963; baseline -0.004 -19"><span class='ocrx_word' id='word_1_76' title='bbox 366 1881 534 1944; x_wconf 87' lang='lat' dir='ltr'><strong>onerariis</strong></span> <span class='ocrx_word' id='word_1_77' title='bbox 566 1880 696 1958; x_wconf 90' lang='lat' dir='ltr'><strong>multis,</strong></span> <span class='ocrx_word' id='word_1_78' title='bbox 729 1879 874 1963; x_wconf 89' lang='lat' dir='ltr'><strong>profecti</strong></span> <span class='ocrx_word' id='word_1_79' title='bbox 904 1885 986 1944; x_wconf 91' lang='lat' dir='ltr'><strong>sunt</strong></span> <span class='ocrx_word' id='word_1_80' title='bbox 1013 1879 1055 1943; x_wconf 93' lang='lat' dir='ltr'><strong>de</strong></span> <span class='ocrx_word' id='word_1_81' title='bbox 1083 1876 1218 1953; x_wconf 86' lang='lat' dir='ltr'><strong>Acbon,</strong></span> <span class='ocrx_word' id='word_1_82' title='bbox 1249 1874 1317 1940; x_wconf 82' lang='lat' dir='ltr'><strong>Jo-</strong></span> 
     </span>
     <span class='ocr_line' id='line_1_15' title="bbox 366 1974 1316 2062; baseline -0.005 -19"><span class='ocrx_word' id='word_1_83' title='bbox 366 1980 497 2044; x_wconf 90' lang='lat' dir='ltr'><strong>hannes</strong></span> <span class='ocrx_word' id='word_1_84' title='bbox 526 2000 589 2045; x_wconf 85' lang='lat' dir='ltr'><strong>rex</strong></span> <span class='ocrx_word' id='word_1_85' title='bbox 624 1980 859 2058; x_wconf 79' lang='lat' dir='ltr'><strong>Hierusalem,</strong></span> <span class='ocrx_word' id='word_1_86' title='bbox 891 1979 1101 2062; x_wconf 87' lang='lat' dir='ltr'><strong>patriarcha,</strong></span> <span class='ocrx_word' id='word_1_87' title='bbox 1136 1996 1214 2041; x_wconf 93' lang='lat' dir='ltr'><strong>cum</strong></span> <span class='ocrx_word' id='word_1_88' title='bbox 1240 1974 1316 2059; x_wconf 89' lang='lat' dir='ltr'><strong>cpi·</strong></span> 
     </span>
     <span class='ocr_line' id='line_1_16' title="bbox 366 2073 1317 2166; baseline -0.005 -22"><span class='ocrx_word' id='word_1_89' title='bbox 366 2080 481 2163; x_wconf 91' lang='lat' dir='ltr'><strong>scopis</strong></span> <span class='ocrx_word' id='word_1_90' title='bbox 514 2080 764 2158; x_wconf 90' lang='lat' dir='ltr'><strong>Nicbossiensi,</strong></span> <span class='ocrx_word' id='word_1_91' title='bbox 791 2079 1002 2166; x_wconf 88' lang='lat' dir='ltr'><strong>Achonensi,</strong></span> <span class='ocrx_word' id='word_1_92' title='bbox 1030 2073 1317 2152; x_wconf 88' lang='lat' dir='ltr'><strong>lBethlemitano,</strong></span> 
     </span>
     <span class='ocr_line' id='line_1_17' title="bbox 368 2175 1318 2263; baseline -0.004 -21"><span class='ocrx_word' id='word_1_93' title='bbox 368 2179 454 2243; x_wconf 92' lang='lat' dir='ltr'><strong>duce</strong></span> <span class='ocrx_word' id='word_1_94' title='bbox 484 2177 647 2257; x_wconf 87' lang='lat' dir='ltr'><strong>Austriae‚</strong></span> <span class='ocrx_word' id='word_1_95' title='bbox 682 2181 858 2263; x_wconf 83' lang='lat' dir='ltr'><strong>magistris</strong></span> <span class='ocrx_word' id='word_1_96' title='bbox 885 2180 1024 2263; x_wconf 88' lang='lat' dir='ltr'><strong>Templi</strong></span> <span class='ocrx_word' id='word_1_97' title='bbox 1055 2186 1091 2243; x_wconf 92' lang='lat' dir='ltr'><strong>et</strong></span> <span class='ocrx_word' id='word_1_98' title='bbox 1118 2175 1318 2259; x_wconf 86' lang='lat' dir='ltr'><strong>Hospitalis</strong></span> 
     </span>
     <span class='ocr_line' id='line_1_18' title="bbox 368 2275 1318 2350; baseline -0.001 -8"><span class='ocrx_word' id='word_1_99' title='bbox 368 2280 481 2343; x_wconf 90' lang='lat' dir='ltr'><strong>sancti</strong></span> <span class='ocrx_word' id='word_1_100' title='bbox 502 2279 525 2343; x_wconf 84' lang='lat' dir='ltr'><strong>J</strong></span> <span class='ocrx_word' id='word_1_101' title='bbox 529 2280 673 2344; x_wconf 90' lang='lat' dir='ltr'><strong>ohannis</strong></span> <span class='ocrx_word' id='word_1_102' title='bbox 706 2287 741 2344; x_wconf 92' lang='lat' dir='ltr'><strong>et</strong></span> <span class='ocrx_word' id='word_1_103' title='bbox 769 2287 899 2350; x_wconf 84' lang='lat' dir='ltr'><strong>sanctae</strong></span> <span class='ocrx_word' id='word_1_104' title='bbox 932 2280 1056 2344; x_wconf 84' lang='lat' dir='ltr'><strong>Mariae</strong></span> <span class='ocrx_word' id='word_1_105' title='bbox 1082 2275 1318 2343; x_wconf 84' lang='lat' dir='ltr'><strong>Teuthonico·</strong></span> 
     </span>
     <span class='ocr_line' id='line_1_19' title="bbox 368 2377 1319 2463; baseline -0.001 -22"><span class='ocrx_word' id='word_1_106' title='bbox 368 2398 456 2454; x_wconf 90' lang='lat' dir='ltr'><strong>rum,</strong></span> <span class='ocrx_word' id='word_1_107' title='bbox 474 2398 514 2443; x_wconf 90' lang='lat' dir='ltr'><strong>ac</strong></span> <span class='ocrx_word' id='word_1_108' title='bbox 527 2378 801 2444; x_wconf 87' lang='lat' dir='ltr'><strong>Christianorum</strong></span> <span class='ocrx_word' id='word_1_109' title='bbox 817 2379 1036 2444; x_wconf 92' lang='lat' dir='ltr'><strong>multitudine</strong></span> <span class='ocrx_word' id='word_1_110' title='bbox 1047 2377 1200 2463; x_wconf 88' lang='lat' dir='ltr'><strong>copiosa.</strong></span> <span class='ocrx_word' id='word_1_111' title='bbox 1245 2377 1319 2441; x_wconf 82' lang='lat' dir='ltr'><strong>Bo-</strong></span> 
     </span>
     <span class='ocr_line' id='line_1_20' title="bbox 368 2476 1318 2563; baseline 0.003 -23"><span class='ocrx_word' id='word_1_112' title='bbox 368 2497 429 2541; x_wconf 88' lang='lat' dir='ltr'><strong>rea</strong></span> <span class='ocrx_word' id='word_1_113' title='bbox 456 2479 573 2562; x_wconf 91' lang='lat' dir='ltr'><strong>itaque</strong></span> <span class='ocrx_word' id='word_1_114' title='bbox 602 2479 856 2563; x_wconf 90' lang='lat' dir='ltr'><strong>aliquantulum</strong></span> <span class='ocrx_word' id='word_1_115' title='bbox 885 2487 1115 2561; x_wconf 81' lang='lat' dir='ltr'><strong>turgescente,</strong></span> <span class='ocrx_word' id='word_1_116' title='bbox 1143 2476 1318 2543; x_wconf 87' lang='lat' dir='ltr'><strong>exercitus</strong></span> 
     </span>
     <span class='ocr_line' id='line_1_21' title="bbox 370 2578 1317 2662; baseline 0 -22"><span class='ocrx_word' id='word_1_117' title='bbox 370 2578 512 2642; x_wconf 91' lang='lat' dir='ltr'><strong>Domini</strong></span> <span class='ocrx_word' id='word_1_118' title='bbox 530 2579 703 2662; x_wconf 88' lang='lat' dir='ltr'><strong>prosperis</strong></span> <span class='ocrx_word' id='word_1_119' title='bbox 723 2579 810 2645; x_wconf 91' lang='lat' dir='ltr'><strong>velis</strong></span> <span class='ocrx_word' id='word_1_120' title='bbox 833 2579 887 2643; x_wconf 94' lang='lat' dir='ltr'><strong>die</strong></span> <span class='ocrx_word' id='word_1_121' title='bbox 907 2579 1008 2643; x_wconf 88' lang='lat' dir='ltr'><strong>tertio</strong></span> <span class='ocrx_word' id='word_1_122' title='bbox 1031 2579 1075 2643; x_wconf 91' lang='lat' dir='ltr'><strong>ad</strong></span> <span class='ocrx_word' id='word_1_123' title='bbox 1095 2586 1233 2662; x_wconf 88' lang='lat' dir='ltr'><strong>portum</strong></span> <span class='ocrx_word' id='word_1_124' title='bbox 1251 2596 1317 2660; x_wconf 92' lang='lat' dir='ltr'><strong>ap-</strong></span> 
     </span>
     <span class='ocr_line' id='line_1_22' title="bbox 368 2676 1319 2762; baseline 0.002 -23"><span class='ocrx_word' id='word_1_125' title='bbox 368 2677 491 2759; x_wconf 91' lang='lat' dir='ltr'><strong>plicuit</strong></span> <span class='ocrx_word' id='word_1_126' title='bbox 507 2678 689 2743; x_wconf 87' lang='lat' dir='ltr'><strong>Damietae.</strong></span> <span class='ocrx_word' id='word_1_127' title='bbox 742 2677 969 2762; x_wconf 89' lang='lat' dir='ltr'><strong>Applicantes</strong></span> <span class='ocrx_word' id='word_1_128' title='bbox 986 2686 1101 2742; x_wconf 91' lang='lat' dir='ltr'><strong>autem</strong></span> <span class='ocrx_word' id='word_1_129' title='bbox 1117 2678 1255 2761; x_wconf 84' lang='lat' dir='ltr'><strong>quidam</strong></span> <span class='ocrx_word' id='word_1_130' title='bbox 1274 2676 1319 2741; x_wconf 88' lang='lat' dir='ltr'><strong>de</strong></span> 
     </span>
     <span class='ocr_line' id='line_1_23' title="bbox 367 2777 1318 2862; baseline 0.005 -24"><span class='ocrx_word' id='word_1_131' title='bbox 367 2778 525 2841; x_wconf 87' lang='lat' dir='ltr'><strong>exercitu</strong></span> <span class='ocrx_word' id='word_1_132' title='bbox 549 2785 675 2842; x_wconf 89' lang='lat' dir='ltr'><strong>terram</strong></span> <span class='ocrx_word' id='word_1_133' title='bbox 701 2787 867 2862; x_wconf 92' lang='lat' dir='ltr'><strong>ceperunt</strong></span> <span class='ocrx_word' id='word_1_134' title='bbox 889 2779 1048 2843; x_wconf 91' lang='lat' dir='ltr'><strong>hostilem</strong></span> <span class='ocrx_word' id='word_1_135' title='bbox 1073 2779 1147 2842; x_wconf 93' lang='lat' dir='ltr'><strong>sine</strong></span> <span class='ocrx_word' id='word_1_136' title='bbox 1173 2777 1318 2859; x_wconf 56' lang='lat' dir='ltr'><strong>sanguia</strong></span> 
     </span>
     <span class='ocr_line' id='line_1_24' title="bbox 370 2875 1316 2962; baseline 0.001 -24"><span class='ocrx_word' id='word_1_137' title='bbox 370 2875 423 2939; x_wconf 93' lang='lat' dir='ltr'><strong>nis</strong></span> <span class='ocrx_word' id='word_1_138' title='bbox 443 2876 628 2958; x_wconf 84' lang='lat' dir='ltr'><strong>effusione3</strong></span> <span class='ocrx_word' id='word_1_139' title='bbox 653 2879 725 2956; x_wconf 90' lang='lat' dir='ltr'><strong>sed,</strong></span> <span class='ocrx_word' id='word_1_140' title='bbox 748 2879 868 2962; x_wconf 93' lang='lat' dir='ltr'><strong>paucis</strong></span> <span class='ocrx_word' id='word_1_141' title='bbox 887 2878 954 2942; x_wconf 91' lang='lat' dir='ltr'><strong>sibi</strong></span> <span class='ocrx_word' id='word_1_142' title='bbox 973 2877 1230 2942; x_wconf 87' lang='lat' dir='ltr'><strong>occurrentibus</strong></span> <span class='ocrx_word' id='word_1_143' title='bbox 1253 2876 1316 2940; x_wconf 87' lang='lat' dir='ltr'><strong>Sa-</strong></span> 
     </span>
     <span class='ocr_line' id='line_1_25' title="bbox 370 2977 1319 3062; baseline 0 -23"><span class='ocrx_word' id='word_1_144' title='bbox 370 2977 504 3040; x_wconf 89' lang='lat' dir='ltr'><strong>racenis</strong></span> <span class='ocrx_word' id='word_1_145' title='bbox 528 2978 713 3060; x_wconf 67' lang='lat' dir='ltr'><strong>equitibus</strong></span> <span class='ocrx_word' id='word_1_146' title='bbox 739 2979 840 3043; x_wconf 90' lang='lat' dir='ltr'><strong>Friso</strong></span> <span class='ocrx_word' id='word_1_147' title='bbox 864 2978 1016 3062; x_wconf 91' lang='lat' dir='ltr'><strong>quidam,</strong></span> <span class='ocrx_word' id='word_1_148' title='bbox 1038 2977 1109 3041; x_wconf 84' lang='lat' dir='ltr'><strong>fixo</strong></span> <span class='ocrx_word' id='word_1_149' title='bbox 1131 2979 1166 3040; x_wconf 93' lang='lat' dir='ltr'><strong>in</strong></span> <span class='ocrx_word' id='word_1_150' title='bbox 1189 2983 1319 3040; x_wconf 86' lang='lat' dir='ltr'><strong>terram</strong></span> 
     </span>
     <span class='ocr_line' id='line_1_26' title="bbox 370 3075 1317 3157; baseline 0.002 -19"><span class='ocrx_word' id='word_1_151' title='bbox 370 3095 461 3157; x_wconf 86' lang='lat' dir='ltr'><strong>genu</strong></span> <span class='ocrx_word' id='word_1_152' title='bbox 497 3078 633 3156; x_wconf 86' lang='lat' dir='ltr'><strong>dextro,</strong></span> <span class='ocrx_word' id='word_1_153' title='bbox 668 3085 703 3142; x_wconf 90' lang='lat' dir='ltr'><strong>et</strong></span> <span class='ocrx_word' id='word_1_154' title='bbox 735 3098 839 3142; x_wconf 94' lang='lat' dir='ltr'><strong>manu</strong></span> <span class='ocrx_word' id='word_1_155' title='bbox 876 3078 1018 3143; x_wconf 90' lang='lat' dir='ltr'><strong>sinistra</strong></span> <span class='ocrx_word' id='word_1_156' title='bbox 1056 3075 1317 3141; x_wconf 91' lang='lat' dir='ltr'><strong>circumducens</strong></span> 
     </span>
     <span class='ocr_line' id='line_1_27' title="bbox 371 3175 1320 3255; baseline -0.006 -10"><span class='ocrx_word' id='word_1_157' title='bbox 371 3177 493 3255; x_wconf 72' lang='lat' dir='ltr'><strong>ancile,</strong></span> <span class='ocrx_word' id='word_1_158' title='bbox 524 3178 649 3242; x_wconf 87' lang='lat' dir='ltr'><strong>dextra</strong></span> <span class='ocrx_word' id='word_1_159' title='bbox 675 3179 830 3243; x_wconf 92' lang='lat' dir='ltr'><strong>lanceam</strong></span> <span class='ocrx_word' id='word_1_160' title='bbox 860 3179 975 3243; x_wconf 90' lang='lat' dir='ltr'><strong>vibrat</strong></span> <span class='ocrx_word' id='word_1_161' title='bbox 1001 3185 1036 3245; x_wconf 85' lang='lat' dir='ltr'><strong>et</strong></span> <span class='ocrx_word' id='word_1_162' title='bbox 1064 3176 1203 3241; x_wconf 87' lang='lat' dir='ltr'><strong>ferrum.</strong></span> <span class='ocrx_word' id='word_1_163' title='bbox 1257 3175 1320 3241; x_wconf 75' lang='lat' dir='ltr'><strong>In-</strong></span> 
     </span>
     <span class='ocr_line' id='line_1_28' title="bbox 371 3276 1319 3360; baseline 0.001 -22"><span class='ocrx_word' id='word_1_164' title='bbox 371 3276 480 3340; x_wconf 91' lang='lat' dir='ltr'><strong>tuitus</strong></span> <span class='ocrx_word' id='word_1_165' title='bbox 508 3296 585 3341; x_wconf 89' lang='lat' dir='ltr'><strong>eum</strong></span> <span class='ocrx_word' id='word_1_166' title='bbox 613 3278 752 3360; x_wconf 91' lang='lat' dir='ltr'><strong>quidam</strong></span> <span class='ocrx_word' id='word_1_167' title='bbox 780 3278 974 3342; x_wconf 88' lang='lat' dir='ltr'><strong>Saracenus</strong></span> <span class='ocrx_word' id='word_1_168' title='bbox 1000 3276 1215 3342; x_wconf 84' lang='lat' dir='ltr'><strong>existimavit</strong></span> <span class='ocrx_word' id='word_1_169' title='bbox 1238 3295 1319 3359; x_wconf 85' lang='lat' dir='ltr'><strong>eum</strong></span> 
     </span>
     <span class='ocr_line' id='line_1_29' title="bbox 369 3376 1321 3460; baseline 0 -22"><span class='ocrx_word' id='word_1_170' title='bbox 369 3376 499 3454; x_wconf 90' lang='lat' dir='ltr'><strong>ludere,</strong></span> <span class='ocrx_word' id='word_1_171' title='bbox 521 3377 582 3441; x_wconf 92' lang='lat' dir='ltr'><strong>sed</strong></span> <span class='ocrx_word' id='word_1_172' title='bbox 608 3378 723 3442; x_wconf 91' lang='lat' dir='ltr'><strong>subito</strong></span> <span class='ocrx_word' id='word_1_173' title='bbox 749 3377 942 3442; x_wconf 88' lang='lat' dir='ltr'><strong>Saracenus</strong></span> <span class='ocrx_word' id='word_1_174' title='bbox 964 3397 985 3441; x_wconf 95' lang='lat' dir='ltr'><strong>a</strong></span> <span class='ocrx_word' id='word_1_175' title='bbox 1009 3377 1153 3441; x_wconf 90' lang='lat' dir='ltr'><strong>Frisone</strong></span> <span class='ocrx_word' id='word_1_176' title='bbox 1177 3394 1321 3460; x_wconf 89' lang='lat' dir='ltr'><strong>percus·</strong></span> 
     </span>
     <span class='ocr_line' id='line_1_30' title="bbox 371 3477 1320 3561; baseline 0.003 -24"><span class='ocrx_word' id='word_1_177' title='bbox 371 3494 443 3553; x_wconf 77' lang='lat' dir='ltr'><strong>suS,</strong></span> <span class='ocrx_word' id='word_1_178' title='bbox 465 3477 543 3539; x_wconf 90' lang='lat' dir='ltr'><strong>aliis</strong></span> <span class='ocrx_word' id='word_1_179' title='bbox 570 3477 794 3561; x_wconf 63' lang='lat' dir='ltr'><strong>fugientibus</strong></span> <span class='ocrx_word' id='word_1_180' title='bbox 817 3497 894 3542; x_wconf 92' lang='lat' dir='ltr'><strong>cum</strong></span> <span class='ocrx_word' id='word_1_181' title='bbox 921 3497 1010 3559; x_wconf 92' lang='lat' dir='ltr'><strong>equo</strong></span> <span class='ocrx_word' id='word_1_182' title='bbox 1034 3496 1139 3559; x_wconf 89' lang='lat' dir='ltr'><strong>eques</strong></span> <span class='ocrx_word' id='word_1_183' title='bbox 1162 3482 1320 3560; x_wconf 85' lang='lat' dir='ltr'><strong>prostra-</strong></span> 
     </span>
     <span class='ocr_line' id='line_1_31' title="bbox 371 3575 1320 3660; baseline 0.002 -23"><span class='ocrx_word' id='word_1_184' title='bbox 371 3580 428 3637; x_wconf 91' lang='lat' dir='ltr'><strong>tus</strong></span> <span class='ocrx_word' id='word_1_185' title='bbox 458 3576 569 3638; x_wconf 90' lang='lat' dir='ltr'><strong>estin</strong></span> <span class='ocrx_word' id='word_1_186' title='bbox 592 3582 745 3657; x_wconf 88' lang='lat' dir='ltr'><strong>terram;</strong></span> <span class='ocrx_word' id='word_1_187' title='bbox 775 3584 809 3642; x_wconf 94' lang='lat' dir='ltr'><strong>et</strong></span> <span class='ocrx_word' id='word_1_188' title='bbox 827 3578 876 3642; x_wconf 90' lang='lat' dir='ltr'><strong>sic</strong></span> <span class='ocrx_word' id='word_1_189' title='bbox 898 3578 1030 3660; x_wconf 89' lang='lat' dir='ltr'><strong>absque</strong></span> <span class='ocrx_word' id='word_1_190' title='bbox 1056 3578 1148 3642; x_wconf 92' lang='lat' dir='ltr'><strong>omni</strong></span> <span class='ocrx_word' id='word_1_191' title='bbox 1172 3575 1320 3659; x_wconf 46' lang='lat' dir='ltr'><strong>impedis</strong></span> 
     </span>
     <span class='ocr_line' id='line_1_32' title="bbox 370 3676 1320 3745; baseline 0.011 -10"><span class='ocrx_word' id='word_1_192' title='bbox 370 3685 486 3739; x_wconf 92' lang='lat' dir='ltr'><strong>mento</strong></span> <span class='ocrx_word' id='word_1_193' title='bbox 501 3677 737 3740; x_wconf 87' lang='lat' dir='ltr'><strong>castrametati</strong></span> <span class='ocrx_word' id='word_1_194' title='bbox 758 3684 839 3742; x_wconf 90' lang='lat' dir='ltr'><strong>sunt</strong></span> <span class='ocrx_word' id='word_1_195' title='bbox 855 3677 973 3742; x_wconf 86' lang='lat' dir='ltr'><strong>fideles</strong></span> <span class='ocrx_word' id='word_1_196' title='bbox 987 3678 1077 3741; x_wconf 91' lang='lat' dir='ltr'><strong>inter</strong></span> <span class='ocrx_word' id='word_1_197' title='bbox 1094 3677 1194 3741; x_wconf 91' lang='lat' dir='ltr'><strong>littus</strong></span> <span class='ocrx_word' id='word_1_198' title='bbox 1211 3676 1320 3745; x_wconf 81' lang='lat' dir='ltr'><strong>maris</strong></span> 
     </span>
     <span class='ocr_line' id='line_1_33' title="bbox 370 3774 1317 3856; baseline 0.005 -20"><span class='ocrx_word' id='word_1_199' title='bbox 370 3781 406 3837; x_wconf 90' lang='lat' dir='ltr'><strong>et</strong></span> <span class='ocrx_word' id='word_1_200' title='bbox 428 3774 538 3856; x_wconf 87' lang='lat' dir='ltr'><strong>ripam</strong></span> <span class='ocrx_word' id='word_1_201' title='bbox 567 3774 642 3839; x_wconf 93' lang='lat' dir='ltr'><strong>Nili</strong></span> <span class='ocrx_word' id='word_1_202' title='bbox 664 3776 826 3854; x_wconf 90' lang='lat' dir='ltr'><strong>fluminis,</strong></span> <span class='ocrx_word' id='word_1_203' title='bbox 852 3784 887 3841; x_wconf 89' lang='lat' dir='ltr'><strong>et</strong></span> <span class='ocrx_word' id='word_1_204' title='bbox 908 3778 956 3841; x_wconf 94' lang='lat' dir='ltr'><strong>ibi</strong></span> <span class='ocrx_word' id='word_1_205' title='bbox 980 3777 1129 3841; x_wconf 87' lang='lat' dir='ltr'><strong>tentoria</strong></span> <span class='ocrx_word' id='word_1_206' title='bbox 1153 3776 1317 3841; x_wconf 88' lang='lat' dir='ltr'><strong>fixerunt.</strong></span> 
     </span>
     <span class='ocr_line' id='line_1_34' title="bbox 371 3871 1320 3957; baseline 0.006 -22"><span class='ocrx_word' id='word_1_207' title='bbox 371 3871 452 3937; x_wconf 91' lang='lat' dir='ltr'><strong>Hoc</strong></span> <span class='ocrx_word' id='word_1_208' title='bbox 476 3874 580 3938; x_wconf 89' lang='lat' dir='ltr'><strong>etiam</strong></span> <span class='ocrx_word' id='word_1_209' title='bbox 603 3875 806 3940; x_wconf 91' lang='lat' dir='ltr'><strong>miraculum</strong></span> <span class='ocrx_word' id='word_1_210' title='bbox 828 3876 910 3947; x_wconf 88' lang='lat' dir='ltr'><strong>fecit</strong></span> <span class='ocrx_word' id='word_1_211' title='bbox 932 3878 1028 3941; x_wconf 91' lang='lat' dir='ltr'><strong>Deus</strong></span> <span class='ocrx_word' id='word_1_212' title='bbox 1051 3876 1207 3941; x_wconf 92' lang='lat' dir='ltr'><strong>fidelibus</strong></span> <span class='ocrx_word' id='word_1_213' title='bbox 1231 3877 1320 3957; x_wconf 89' lang='lat' dir='ltr'><strong>suis,</strong></span> 
     </span>
    </p>
   </div>
   <div class='ocr_carea' id='block_1_5' title="bbox 370 3974 1321 4060">
    <p class='ocr_par' dir='ltr' id='par_1_5' title="bbox 370 3974 1321 4060">
     <span class='ocr_line' id='line_1_35' title="bbox 370 3974 1321 4060; baseline 0.001 -25"><span class='ocrx_word' id='word_1_214' title='bbox 370 3974 462 4054; x_wconf 92' lang='lat' dir='ltr'><strong>quod</strong></span> <span class='ocrx_word' id='word_1_215' title='bbox 481 3975 516 4037; x_wconf 94' lang='lat' dir='ltr'><strong>in</strong></span> <span class='ocrx_word' id='word_1_216' title='bbox 536 3976 647 4057; x_wconf 91' lang='lat' dir='ltr'><strong>primo</strong></span> <span class='ocrx_word' id='word_1_217' title='bbox 664 3976 816 4042; x_wconf 88' lang='lat' dir='ltr'><strong>adventu</strong></span> <span class='ocrx_word' id='word_1_218' title='bbox 833 3996 951 4041; x_wconf 88' lang='lat' dir='ltr'><strong>eorum</strong></span> <span class='ocrx_word' id='word_1_219' title='bbox 967 3996 1059 4060; x_wconf 91' lang='lat' dir='ltr'><strong>aqua</strong></span> <span class='ocrx_word' id='word_1_220' title='bbox 1076 3976 1226 4040; x_wconf 90' lang='lat' dir='ltr'><strong>fluminis</strong></span> <span class='ocrx_word' id='word_1_221' title='bbox 1243 3995 1321 4040; x_wconf 78' lang='lat' dir='ltr'><strong>ma.</strong></span> 
     </span>
    </p>
   </div>
   <div class='ocr_carea' id='block_1_6' title="bbox 438 4179 1245 4251">
    <p class='ocr_par' dir='ltr' id='par_1_6' title="bbox 438 4179 1245 4251">
     <span class='ocr_line' id='line_1_36' title="bbox 438 4179 1245 4251; baseline 0.002 -19"><span class='ocrx_word' id='word_1_222' title='bbox 438 4179 655 4249; x_wconf 73' lang='lat' dir='ltr'><strong>¹Betltlemituoo.]</strong></span> <span class='ocrx_word' id='word_1_223' title='bbox 672 4182 873 4251; x_wconf 61' lang='lat' dir='ltr'><strong>‘Gyrmidenos</strong></span> <span class='ocrx_word' id='word_1_224' title='bbox 890 4187 949 4237; x_wconf 83' lang='lat' dir='ltr'><strong>Jac.</strong></span> <span class='ocrx_word' id='word_1_225' title='bbox 962 4186 994 4235; x_wconf 90' lang='lat' dir='ltr'><strong>de</strong></span> <span class='ocrx_word' id='word_1_226' title='bbox 1002 4186 1123 4249; x_wconf 77' lang='lat' dir='ltr'><strong>vitriaco,</strong></span> <span class='ocrx_word' id='word_1_227' title='bbox 1135 4201 1161 4248; x_wconf 93' lang='lat' dir='ltr'><strong>p.</strong></span> <span class='ocrx_word' id='word_1_228' title='bbox 1172 4189 1245 4234; x_wconf 77' lang='lat'>1132.</span> 
     </span>
    </p>
   </div>
   <div class='ocr_carea' id='block_1_7' title="bbox 0 0 1449 4866">
    <p class='ocr_par' dir='ltr' id='par_1_7' title="bbox 0 0 1449 4866">
     <span class='ocr_line' id='line_1_37' title="bbox 0 0 1449 4866; baseline 0 0"><span class='ocrx_word' id='word_1_229' title='bbox 0 0 1449 4866; x_wconf 95' lang='lat' dir='ltr'><strong> </strong></span> 
     </span>
    </p>
   </div>
  </div>
 </body>
</html>
