2864 4866
388 422 526 470 rnonns
550 423 819 474 ursronmauu.
1032 407 1075 473 17

122 584 174 641 tes
198 597 261 660 per
281 580 446 643 virtutem
468 579 535 644 Dei
557 585 593 643 et
611 580 648 642 iu
673 577 826 660 periculo
850 577 979 642 ordinis
1003 578 1070 654 sui,
1085 586 1139 626 Α-ῡ·
1150 586 1208 627 ¹²1⁷·

121 684 173 749 ut,
191 685 376 761 antequam
394 680 508 743 cibum
527 686 689 755 sumeret,
707 678 750 741 ad
769 678 883 746 locum
903 677 1069 742 accedens

120 797 258 840 crucem
298 779 474 843 monachis
509 779 733 857 restitueret;
772 779 953 860 presbyter
987 797 1070 844 vero

122 896 200 939 cum
226 876 447 943 festinatione
472 879 516 941 ad
540 879 728 941 oratorium
751 879 844 941 beati
868 875 1070 960 Amphiba'ii

121 979 283 1063 martyris
307 980 448 1042 veniens
473 998 610 1042 crucem
638 985 835 1042 reverenter
859 976 1012 1054 tradidit,
1034 983 1069 1040 at

122 1079 249 1155 omnia,
281 1098 360 1160 quae
390 1079 482 1142 circa
511 1078 607 1142 illam
636 1077 839 1141 mirabiliter
868 1085 948 1141 acta
975 1085 1069 1154 sunt,

122 1178 227 1258 priori
247 1185 281 1242 et
300 1177 463 1242 fratribus
486 1179 672 1242 enarravit.

153 1351 202 1415 Do
215 1351 361 1417 solatione
376 1351 541 1418 obsidionis
556 1353 654 1418 castri
667 1353 832 1419 Munsoroi
844 1362 872 1418 ot
885 1351 1036 1417 obsidione

446 1455 544 1518 castri
557 1454 736 1519 Lincoioiae.

174 1576 358 1642 Exercitus
375 1580 484 1660 igitur
501 1578 675 1644 Lodowici
692 1599 733 1643 ac
750 1580 917 1643 baronum
933 1578 1071 1661 Angliae
1083 1587 1199 1678 {md

122 1677 215 1757 apud
250 1677 514 1761 Dunestapliam
541 1681 745 1762 perveniens
772 1680 897 1743 ibidem
930 1688 1158 1762 pernoc-raiwd·

123 1777 221 1840 tavit.
289 1778 395 1842 Mane
433 1787 546 1842 autem
584 1779 690 1857 facto,
722 1799 844 1844 versus
874 1778 1070 1862 aquilonem

124 1876 254 1940 vexilla
283 1877 411 1942 direxit
433 1887 468 1942 et
489 1898 597 1956 arma,
621 1887 662 1942 ut
689 1879 901 1944 obsidionem
925 1878 1071 1960 praedic-

124 1983 195 2038 tam
228 1977 362 2042 solvere
391 1986 607 2056 maturaret;
642 1978 702 2042 sed
731 1981 845 2042 comes
878 1978 1071 2041 Cestrensis

126 2074 334 2158 Ranulphus
374 2087 409 2142 et
440 2078 511 2156 aiii,
549 2079 608 2161 qui
646 2082 724 2142 cum
758 2078 819 2142 illo
858 2077 1071 2142 obsidionem

124 2177 287 2256 agebant,
312 2181 356 2241 ab
386 2178 663 2260 eirploratoribus
692 2179 902 2259 praemuniti,
931 2177 1073 2261 expedi·

126 2276 219 2341 tione
245 2277 398 2356 dimissa,
423 2278 466 2341 ad
497 2286 647 2342 castrum
678 2297 753 2342 sese
783 2278 826 2341 de
856 2277 1071 2359 Notingham

124 2376 338 2442 conferentes
372 2379 597 2443 decreverunt
623 2379 862 2455 communiter,
892 2385 932 2441 ut
962 2378 1070 2443 hosti‘-

126 2496 183 2539 um
220 2480 536 2561 supervenientium
571 2477 712 2557 ibidem,
735 2479 958 2561 explorarent
992 2482 1072 2560 pr'o-

125 2595 293 2658 gressum.
340 2579 495 2643 Baronos
510 2580 640 2660 itaque,
655 2581 745 2656 cnm,
763 2579 897 2642 cunctis
911 2585 1073 2642 coemeta-

126 2677 186 2739 riis
212 2685 247 2742 et
267 2678 419 2742 ecclesiis
450 2680 607 2744 omnibus
637 2698 731 2743 more
758 2678 868 2742 solito
889 2698 951 2760 per
980 2678 1073 2760 viam

126 2776 296 2859 spoliatis,
327 2778 371 2841 ad
400 2779 580 2842 castellum
612 2779 656 2841 de
685 2778 864 2843 Munsorel
896 2770 1073 2860 pervenis-

127 2883 216 2954 sent,
245 2879 417 2943 communi
447 2881 599 2943 omnium
632 2879 776 2943 consilio
804 2879 993 2942 decretum·
1008 2885 1073 2954 est,

127 2984 167 3041 nt
186 2997 307 3042 versus
336 2978 550 3044 Lincolniam
575 2985 813 3061 properarent,
836 2977 895 3040 ubi
918 2977 1072 3058 Gileber-

127 3083 184 3140 tus
204 3078 247 3141 de
265 3077 361 3144 Gant
376 3099 452 3144 cum
472 3079 549 3142 aliis
565 3079 752 3142 baronibus
774 3077 983 3160 supradictis
999 3076 1075 3139 din-

127 3177 234 3241 tinam
256 3180 468 3243 obsidionem
488 3186 644 3260 egerant,
660 3178 718 3242 sed
742 3179 889 3242 inanem.
941 3177 1074 3242 Trans·

127 3284 250 3341 euntes
277 3279 385 3360 igitur
413 3280 560 3343 barones
595 3298 658 3361 per
684 3278 809 3341 vallem
842 3276 885 3340 de
915 3277 1073 3354 Belvero‚

128 3379 246 3442 omnia
276 3380 325 3442 ibi
359 3381 394 3443 in
427 3398 511 3446 usus
540 3377 743 3462 praedonum
773 3384 962 3452 cesserunt,
993 3377 1076 3457 quia

128 3479 261 3560 pedites
278 3480 320 3544 de
339 3500 446 3563 regno
464 3480 687 3554 Francorum,
704 3477 766 3558 qni
787 3476 887 3559 qnasi
909 3475 1076 3559 spurcitia

127 3578 222 3642 iliius
241 3581 391 3661 regionis
411 3586 446 3644 ot
460 3597 584 3662 spuma
603 3585 713 3654 erant,
732 3577 816 3641 nihii
835 3577 974 3641 omnino
995 3575 1075 3639 reli-

129 3687 278 3759 querunt
299 3679 493 3758 intactum3
526 3686 627 3742 tanta
652 3696 800 3758 namque
825 3677 862 3739 in
888 3675 957 3739 illis
981 3676 1077 3756 vige-

129 3778 397 3861 batpaupertas
421 3787 456 3843 et
481 3779 630 3855 miseria,
653 3776 747 3860 quod
766 3778 803 3839 in
823 3776 977 3839 vestibus
1001 3794 1077 3839 cor-

31 3938 33 3940 ,
130 3879 244 3960 poreis
278 3879 368 3943 unde
383 3899 385 3904 ·
403 3878 562 3961 pudenda
595 3882 819 3958 contegerent
851 3869 994 3938 ¹natura
1027 3875 1077 3956 eis

130 3979 269 4043 minime
286 3980 468 4044 concessit.
521 3978 681 4059 Denique
700 3977 744 4039 ad
766 3975 982 4040 Lincolniam
1000 3994 1078 4058 per·

116 4213 120 4218 ,
167 4157 318 4221 ¹Naturo.]
340 4157 434 4207 Uniess
460 4163 507 4220 put
524 4158 562 4207 ior
583 4158 592 4186 ‘
604 4151 749 4218 naturalia,'
767 4156 787 4203 it
808 4155 831 4202 is
855 4152 962 4200 difficuit
987 4155 1012 4199 to
1037 4166 1079 4199 see

132 4228 202 4277 what
212 4227 235 4275 is
245 4227 304 4276 here
315 4226 443 4276 intended.

183 4319 263 4366 von.
283 4319 330 4365 ιν.
911 4312 930 4357 0
