<?xml version="1.0" encoding="UTF-8"?>
<!DOCTYPE html PUBLIC "-//W3C//DTD XHTML 1.0 Transitional//EN"
    "http://www.w3.org/TR/xhtml1/DTD/xhtml1-transitional.dtd">
<html xmlns="http://www.w3.org/1999/xhtml" xml:lang="en" lang="en">
 <head>
  <title>
</title>
<meta http-equiv="Content-Type" content="text/html;charset=utf-8" />
  <meta name='ocr-system' content='tesseract 3.04.00' />
  <meta name='ocr-capabilities' content='ocr_page ocr_carea ocr_par ocr_line ocrx_word'/>
</head>
<body>
  <div class='ocr_page' id='page_1' title='image "./rogeridewendove03rogegoog_0131.png"; bbox 0 0 2864 4866; ppageno 0'>
   <div class='ocr_carea' id='block_1_1' title="bbox 341 370 1036 464">
    <p class='ocr_par' dir='ltr' id='par_1_1' title="bbox 341 370 1036 464">
     <span class='ocr_line' id='line_1_1' title="bbox 341 370 1036 464; baseline -0.006 0"><span class='ocrx_word' id='word_1_1' title='bbox 341 398 406 464; x_wconf 74' lang='lat' dir='ltr'>luo</span> <span class='ocrx_word' id='word_1_2' title='bbox 597 370 730 462; x_wconf 74' lang='lat' dir='ltr'>noeanr</span> <span class='ocrx_word' id='word_1_3' title='bbox 755 414 802 461; x_wconf 85' lang='lat' dir='ltr'>nn</span> <span class='ocrx_word' id='word_1_4' title='bbox 828 411 1036 462; x_wconf 79' lang='lat' dir='ltr'>wannovnn</span> 
     </span>
    </p>
   </div>
   <div class='ocr_carea' id='block_1_2' title="bbox 371 645 1267 814">
    <p class='ocr_par' dir='ltr' id='par_1_2' title="bbox 371 645 1267 814">
     <span class='ocr_line' id='line_1_2' title="bbox 371 645 1267 813; baseline -0.006 -98"><span class='ocrx_word' id='word_1_5' title='bbox 371 649 461 732; x_wconf 75' lang='lat' dir='ltr'>Quod</span> <span class='ocrx_word' id='word_1_6' title='bbox 475 648 591 736; x_wconf 76' lang='lat' dir='ltr'>Iapetus</span> <span class='ocrx_word' id='word_1_7' title='bbox 605 650 691 716; x_wconf 79' lang='lat' dir='ltr'>dedit</span> <span class='ocrx_word' id='word_1_8' title='bbox 699 645 957 813; x_wconf 55' lang='lat' dir='ltr'>procurofflm</span> <span class='ocrx_word' id='word_1_9' title='bbox 970 647 1006 711; x_wconf 82' lang='lat' dir='ltr'>io</span> <span class='ocrx_word' id='word_1_10' title='bbox 1023 645 1092 711; x_wconf 80' lang='lat' dir='ltr'>dolo</span> <span class='ocrx_word' id='word_1_11' title='bbox 1109 646 1267 712; x_wconf 79' lang='lat' dir='ltr'>licentiam</span> 
     </span>
     <span class='ocr_line' id='line_1_3' title="bbox 739 750 906 814; baseline -0.006 -1"><span class='ocrx_word' id='word_1_12' title='bbox 739 750 838 814; x_wconf 79' lang='lat' dir='ltr'>recede</span> <span class='ocrx_word' id='word_1_13' title='bbox 883 750 906 813; x_wconf 86' lang='lat' dir='ltr'>i.</span> 
     </span>
    </p>
   </div>
   <div class='ocr_carea' id='block_1_3' title="bbox 183 872 1354 4248">
    <p class='ocr_par' dir='ltr' id='par_1_3' title="bbox 184 872 1295 957">
     <span class='ocr_line' id='line_1_4' title="bbox 184 872 1295 957; baseline 0.001 -21"><span class='ocrx_word' id='word_1_14' title='bbox 184 896 239 936; x_wconf 69' lang='lat' dir='ltr'>nn.</span> <span class='ocrx_word' id='word_1_15' title='bbox 250 897 307 935; x_wconf 78' lang='lat'>1226.</span> <span class='ocrx_word' id='word_1_16' title='bbox 396 877 484 941; x_wconf 87' lang='lat' dir='ltr'><strong>Post</strong></span> <span class='ocrx_word' id='word_1_17' title='bbox 498 875 572 939; x_wconf 92' lang='lat' dir='ltr'>haec</span> <span class='ocrx_word' id='word_1_18' title='bbox 591 875 728 957; x_wconf 83' lang='lat' dir='ltr'>legatus</span> <span class='ocrx_word' id='word_1_19' title='bbox 749 873 843 938; x_wconf 90' lang='lat' dir='ltr'>dedit</span> <span class='ocrx_word' id='word_1_20' title='bbox 860 874 897 937; x_wconf 94' lang='lat' dir='ltr'>in</span> <span class='ocrx_word' id='word_1_21' title='bbox 912 873 991 938; x_wconf 94' lang='lat' dir='ltr'>dolo</span> <span class='ocrx_word' id='word_1_22' title='bbox 1013 872 1295 956; x_wconf 83' lang='lat' dir='ltr'>procuratoribus</span> 
     </span>
    </p>

    <p class='ocr_par' dir='ltr' id='par_1_4' title="bbox 183 946 1354 4248">
     <span class='ocr_line' id='line_1_5' title="bbox 183 946 1295 1060; baseline 0 -23"><span class='ocrx_word' id='word_1_23' title='bbox 183 946 303 1046; x_wconf 56' lang='lat' dir='ltr'>rcr&#39;i‘lissffsf&#39;f</span> <span class='ocrx_word' id='word_1_24' title='bbox 345 976 574 1060; x_wconf 89' lang='lat' dir='ltr'>capitulorum</span> <span class='ocrx_word' id='word_1_25' title='bbox 592 975 768 1039; x_wconf 83' lang='lat' dir='ltr'>licentiam</span> <span class='ocrx_word' id='word_1_26' title='bbox 786 973 830 1037; x_wconf 92' lang='lat' dir='ltr'>ad</span> <span class='ocrx_word' id='word_1_27' title='bbox 847 974 988 1056; x_wconf 89' lang='lat' dir='ltr'>propria</span> <span class='ocrx_word' id='word_1_28' title='bbox 1010 972 1218 1051; x_wconf 88' lang='lat' dir='ltr'>revertendi,</span> <span class='ocrx_word' id='word_1_29' title='bbox 1241 993 1295 1037; x_wconf 92' lang='lat' dir='ltr'>re·</span> 
     </span>
     <span class='ocr_line' id='line_1_6' title="bbox 345 1074 1295 1158; baseline -0.006 -16"><span class='ocrx_word' id='word_1_30' title='bbox 345 1077 449 1142; x_wconf 90' lang='lat' dir='ltr'>tentis</span> <span class='ocrx_word' id='word_1_31' title='bbox 468 1082 602 1140; x_wconf 88' lang='lat' dir='ltr'>tantum</span> <span class='ocrx_word' id='word_1_32' title='bbox 620 1075 900 1158; x_wconf 88' lang='lat' dir='ltr'>archiepiscopis,</span> <span class='ocrx_word' id='word_1_33' title='bbox 923 1075 1094 1158; x_wconf 89' lang='lat' dir='ltr'>episcopis</span> <span class='ocrx_word' id='word_1_34' title='bbox 1109 1081 1144 1139; x_wconf 89' lang='lat' dir='ltr'>et</span> <span class='ocrx_word' id='word_1_35' title='bbox 1159 1074 1295 1137; x_wconf 91' lang='lat' dir='ltr'>abbati·</span> 
     </span>
     <span class='ocr_line' id='line_1_7' title="bbox 344 1174 1293 1259; baseline -0.004 -17"><span class='ocrx_word' id='word_1_36' title='bbox 344 1179 408 1242; x_wconf 91' lang='lat' dir='ltr'>bus</span> <span class='ocrx_word' id='word_1_37' title='bbox 438 1185 474 1241; x_wconf 94' lang='lat' dir='ltr'>et</span> <span class='ocrx_word' id='word_1_38' title='bbox 492 1176 704 1259; x_wconf 86' lang='lat' dir='ltr'>simplicibus</span> <span class='ocrx_word' id='word_1_39' title='bbox 731 1175 905 1259; x_wconf 85' lang='lat' dir='ltr'>praelatis3</span> <span class='ocrx_word' id='word_1_40' title='bbox 930 1175 1020 1239; x_wconf 91' lang='lat' dir='ltr'>unde</span> <span class='ocrx_word' id='word_1_41' title='bbox 1037 1194 1105 1238; x_wconf 89' lang='lat' dir='ltr'>non</span> <span class='ocrx_word' id='word_1_42' title='bbox 1121 1174 1293 1238; x_wconf 90' lang='lat' dir='ltr'>immerito</span> 
     </span>
     <span class='ocr_line' id='line_1_8' title="bbox 345 1275 1297 1359; baseline -0.004 -17"><span class='ocrx_word' id='word_1_43' title='bbox 345 1279 546 1354; x_wconf 89' lang='lat' dir='ltr'>timuerunt,</span> <span class='ocrx_word' id='word_1_44' title='bbox 561 1296 605 1340; x_wconf 90' lang='lat' dir='ltr'>ue</span> <span class='ocrx_word' id='word_1_45' title='bbox 621 1284 808 1359; x_wconf 86' lang='lat' dir='ltr'>procurata</span> <span class='ocrx_word' id='word_1_46' title='bbox 824 1295 942 1340; x_wconf 91' lang='lat' dir='ltr'>eorum</span> <span class='ocrx_word' id='word_1_47' title='bbox 958 1275 1125 1353; x_wconf 90' lang='lat' dir='ltr'>absentia,</span> <span class='ocrx_word' id='word_1_48' title='bbox 1147 1275 1207 1357; x_wconf 91' lang='lat' dir='ltr'>qui</span> <span class='ocrx_word' id='word_1_49' title='bbox 1223 1294 1297 1338; x_wconf 89' lang='lat' dir='ltr'>ma·</span> 
     </span>
     <span class='ocr_line' id='line_1_9' title="bbox 340 1374 1297 1461; baseline -0.003 -20"><span class='ocrx_word' id='word_1_50' title='bbox 340 1377 430 1461; x_wconf 90' lang='lat' dir='ltr'>joris</span> <span class='ocrx_word' id='word_1_51' title='bbox 447 1377 638 1459; x_wconf 79' lang='lat' dir='ltr'>prudentiae</span> <span class='ocrx_word' id='word_1_52' title='bbox 654 1384 754 1441; x_wconf 90' lang='lat' dir='ltr'>erant</span> <span class='ocrx_word' id='word_1_53' title='bbox 769 1383 805 1441; x_wconf 89' lang='lat' dir='ltr'>et</span> <span class='ocrx_word' id='word_1_54' title='bbox 820 1376 1056 1458; x_wconf 81' lang='lat' dir='ltr'>experientiae,</span> <span class='ocrx_word' id='word_1_55' title='bbox 1071 1381 1106 1440; x_wconf 89' lang='lat' dir='ltr'>et</span> <span class='ocrx_word' id='word_1_56' title='bbox 1122 1395 1194 1457; x_wconf 89' lang='lat' dir='ltr'>prae</span> <span class='ocrx_word' id='word_1_57' title='bbox 1208 1374 1297 1438; x_wconf 91' lang='lat' dir='ltr'>mul-</span> 
     </span>
     <span class='ocr_line' id='line_1_10' title="bbox 346 1475 1293 1560; baseline -0.002 -19"><span class='ocrx_word' id='word_1_58' title='bbox 346 1477 494 1541; x_wconf 91' lang='lat' dir='ltr'>titudine</span> <span class='ocrx_word' id='word_1_59' title='bbox 519 1477 732 1560; x_wconf 89' lang='lat' dir='ltr'>potentiores</span> <span class='ocrx_word' id='word_1_60' title='bbox 755 1476 799 1540; x_wconf 90' lang='lat' dir='ltr'>ad</span> <span class='ocrx_word' id='word_1_61' title='bbox 823 1475 1139 1553; x_wconf 89' lang='lat' dir='ltr'>contradicendum,</span> <span class='ocrx_word' id='word_1_62' title='bbox 1162 1476 1293 1559; x_wconf 85' lang='lat' dir='ltr'>aliquid</span> 
     </span>
     <span class='ocr_line' id='line_1_11' title="bbox 347 1576 1296 1662; baseline 0 -21"><span class='ocrx_word' id='word_1_63' title='bbox 347 1584 557 1642; x_wconf 86' lang='lat' dir='ltr'>statueretur</span> <span class='ocrx_word' id='word_1_64' title='bbox 583 1578 619 1642; x_wconf 94' lang='lat' dir='ltr'>in</span> <span class='ocrx_word' id='word_1_65' title='bbox 642 1577 880 1662; x_wconf 89' lang='lat' dir='ltr'>praejudicium</span> <span class='ocrx_word' id='word_1_66' title='bbox 912 1577 1106 1641; x_wconf 85' lang='lat' dir='ltr'>absentium</span> <span class='ocrx_word' id='word_1_67' title='bbox 1134 1576 1296 1658; x_wconf 85' lang='lat' dir='ltr'>praelato-</span> 
     </span>
     <span class='ocr_line' id='line_1_12' title="bbox 347 1677 1294 1760; baseline 0 -20"><span class='ocrx_word' id='word_1_68' title='bbox 347 1697 434 1741; x_wconf 91' lang='lat' dir='ltr'>rum.</span> <span class='ocrx_word' id='word_1_69' title='bbox 487 1677 660 1756; x_wconf 86' lang='lat' dir='ltr'>Quocirca</span> <span class='ocrx_word' id='word_1_70' title='bbox 686 1678 770 1742; x_wconf 92' lang='lat' dir='ltr'>dicti</span> <span class='ocrx_word' id='word_1_71' title='bbox 795 1684 1036 1760; x_wconf 89' lang='lat' dir='ltr'>procuratores</span> <span class='ocrx_word' id='word_1_72' title='bbox 1063 1685 1143 1759; x_wconf 91' lang='lat' dir='ltr'>post</span> <span class='ocrx_word' id='word_1_73' title='bbox 1166 1677 1294 1740; x_wconf 90' lang='lat' dir='ltr'>delibe-</span> 
     </span>
     <span class='ocr_line' id='line_1_13' title="bbox 346 1777 1293 1860; baseline -0.001 -18"><span class='ocrx_word' id='word_1_74' title='bbox 346 1779 514 1842; x_wconf 87' lang='lat' dir='ltr'>rationem</span> <span class='ocrx_word' id='word_1_75' title='bbox 536 1778 704 1841; x_wconf 88' lang='lat' dir='ltr'>diutinam</span> <span class='ocrx_word' id='word_1_76' title='bbox 727 1779 895 1843; x_wconf 90' lang='lat' dir='ltr'>miserunt</span> <span class='ocrx_word' id='word_1_77' title='bbox 916 1777 960 1841; x_wconf 90' lang='lat' dir='ltr'>ad</span> <span class='ocrx_word' id='word_1_78' title='bbox 986 1778 1139 1858; x_wconf 83' lang='lat' dir='ltr'>legatum</span> <span class='ocrx_word' id='word_1_79' title='bbox 1167 1796 1293 1860; x_wconf 89' lang='lat' dir='ltr'>procu·</span> 
     </span>
     <span class='ocr_line' id='line_1_14' title="bbox 345 1878 1292 1961; baseline -0.001 -19"><span class='ocrx_word' id='word_1_80' title='bbox 345 1885 479 1943; x_wconf 87' lang='lat' dir='ltr'>ratores</span> <span class='ocrx_word' id='word_1_81' title='bbox 493 1879 837 1961; x_wconf 87' lang='lat' dir='ltr'>metropolitanarum</span> <span class='ocrx_word' id='word_1_82' title='bbox 853 1878 1087 1955; x_wconf 85' lang='lat' dir='ltr'>ecclesiarum,</span> <span class='ocrx_word' id='word_1_83' title='bbox 1102 1878 1161 1961; x_wconf 92' lang='lat' dir='ltr'>qui</span> <span class='ocrx_word' id='word_1_84' title='bbox 1176 1897 1292 1942; x_wconf 91' lang='lat' dir='ltr'>coram</span> 
     </span>
     <span class='ocr_line' id='line_1_15' title="bbox 344 1978 1294 2064; baseline -0.002 -20"><span class='ocrx_word' id='word_1_85' title='bbox 344 1999 386 2043; x_wconf 90' lang='lat' dir='ltr'>eo</span> <span class='ocrx_word' id='word_1_86' title='bbox 405 1979 603 2064; x_wconf 88' lang='lat' dir='ltr'>hujusmodi</span> <span class='ocrx_word' id='word_1_87' title='bbox 625 1980 875 2061; x_wconf 84' lang='lat' dir='ltr'>allegaverunt,</span> <span class='ocrx_word' id='word_1_88' title='bbox 897 1984 906 2012; x_wconf 91' lang='lat'><em>‘</em></span> <span class='ocrx_word' id='word_1_89' title='bbox 922 1979 1083 2055; x_wconf 89' lang='lat' dir='ltr'>Domine,</span> <span class='ocrx_word' id='word_1_90' title='bbox 1101 1978 1294 2042; x_wconf 88' lang='lat' dir='ltr'>audivimus</span> 
     </span>
     <span class='ocr_line' id='line_1_16' title="bbox 345 2078 1295 2163; baseline -0.001 -20"><span class='ocrx_word' id='word_1_91' title='bbox 345 2080 437 2163; x_wconf 88' lang='lat' dir='ltr'>quod</span> <span class='ocrx_word' id='word_1_92' title='bbox 454 2081 589 2145; x_wconf 89' lang='lat' dir='ltr'>habetis</span> <span class='ocrx_word' id='word_1_93' title='bbox 606 2081 726 2144; x_wconf 87' lang='lat' dir='ltr'>literas</span> <span class='ocrx_word' id='word_1_94' title='bbox 741 2080 909 2163; x_wconf 87' lang='lat' dir='ltr'>speciales</span> <span class='ocrx_word' id='word_1_95' title='bbox 925 2099 947 2144; x_wconf 87' lang='lat' dir='ltr'>a</span> <span class='ocrx_word' id='word_1_96' title='bbox 962 2080 1059 2143; x_wconf 90' lang='lat' dir='ltr'>curia</span> <span class='ocrx_word' id='word_1_97' title='bbox 1074 2078 1235 2143; x_wconf 88' lang='lat' dir='ltr'>Romana</span> <span class='ocrx_word' id='word_1_98' title='bbox 1251 2079 1295 2143; x_wconf 88' lang='lat' dir='ltr'>de</span> 
     </span>
     <span class='ocr_line' id='line_1_17' title="bbox 345 2179 1295 2263; baseline 0 -19"><span class='ocrx_word' id='word_1_99' title='bbox 345 2180 548 2245; x_wconf 86' lang='lat' dir='ltr'>exhibendis</span> <span class='ocrx_word' id='word_1_100' title='bbox 575 2179 768 2263; x_wconf 87' lang='lat' dir='ltr'>praebendis</span> <span class='ocrx_word' id='word_1_101' title='bbox 790 2181 826 2243; x_wconf 91' lang='lat' dir='ltr'>in</span> <span class='ocrx_word' id='word_1_102' title='bbox 851 2180 1010 2244; x_wconf 89' lang='lat' dir='ltr'>omnibus</span> <span class='ocrx_word' id='word_1_103' title='bbox 1034 2180 1188 2244; x_wconf 90' lang='lat' dir='ltr'>ecclesiis</span> <span class='ocrx_word' id='word_1_104' title='bbox 1211 2199 1295 2244; x_wconf 91' lang='lat' dir='ltr'>con·</span> 
     </span>
     <span class='ocr_line' id='line_1_18' title="bbox 345 2279 1296 2362; baseline 0.003 -20"><span class='ocrx_word' id='word_1_105' title='bbox 345 2281 566 2345; x_wconf 79' lang='lat' dir='ltr'>veu&#39;tnalibus</span> <span class='ocrx_word' id='word_1_106' title='bbox 597 2282 670 2344; x_wconf 88' lang='lat' dir='ltr'>sive</span> <span class='ocrx_word' id='word_1_107' title='bbox 701 2279 982 2360; x_wconf 85' lang='lat' dir='ltr'>cathedralibus3</span> <span class='ocrx_word' id='word_1_108' title='bbox 1014 2280 1176 2362; x_wconf 88' lang='lat' dir='ltr'>quocirca</span> <span class='ocrx_word' id='word_1_109' title='bbox 1206 2281 1296 2345; x_wconf 92' lang='lat' dir='ltr'>mul·</span> 
     </span>
     <span class='ocr_line' id='line_1_19' title="bbox 346 2380 1297 2464; baseline 0.002 -21"><span class='ocrx_word' id='word_1_110' title='bbox 346 2386 420 2443; x_wconf 89' lang='lat' dir='ltr'>tum</span> <span class='ocrx_word' id='word_1_111' title='bbox 444 2381 619 2458; x_wconf 91' lang='lat' dir='ltr'>miramur,</span> <span class='ocrx_word' id='word_1_112' title='bbox 647 2381 737 2464; x_wconf 92' lang='lat' dir='ltr'>qnod</span> <span class='ocrx_word' id='word_1_113' title='bbox 760 2402 830 2446; x_wconf 89' lang='lat' dir='ltr'>non</span> <span class='ocrx_word' id='word_1_114' title='bbox 856 2382 893 2445; x_wconf 91' lang='lat' dir='ltr'>in</span> <span class='ocrx_word' id='word_1_115' title='bbox 913 2381 979 2444; x_wconf 92' lang='lat' dir='ltr'>hoc</span> <span class='ocrx_word' id='word_1_116' title='bbox 1000 2380 1145 2444; x_wconf 88' lang='lat' dir='ltr'>consilio</span> <span class='ocrx_word' id='word_1_117' title='bbox 1170 2400 1297 2463; x_wconf 90' lang='lat' dir='ltr'>propo-</span> 
     </span>
     <span class='ocr_line' id='line_1_20' title="bbox 345 2479 1296 2563; baseline 0.002 -21"><span class='ocrx_word' id='word_1_118' title='bbox 345 2479 465 2543; x_wconf 91' lang='lat' dir='ltr'>suistis</span> <span class='ocrx_word' id='word_1_119' title='bbox 492 2499 563 2558; x_wconf 76' lang='lat' dir='ltr'>eae,</span> <span class='ocrx_word' id='word_1_120' title='bbox 589 2481 688 2545; x_wconf 91' lang='lat' dir='ltr'>nobis</span> <span class='ocrx_word' id='word_1_121' title='bbox 721 2481 953 2558; x_wconf 88' lang='lat' dir='ltr'>audientibus,</span> <span class='ocrx_word' id='word_1_122' title='bbox 982 2499 1069 2563; x_wconf 90' lang='lat' dir='ltr'>quos</span> <span class='ocrx_word' id='word_1_123' title='bbox 1100 2481 1296 2563; x_wconf 90' lang='lat' dir='ltr'>specialiter</span> 
     </span>
     <span class='ocr_line' id='line_1_21' title="bbox 345 2581 1294 2663; baseline 0.002 -20"><span class='ocrx_word' id='word_1_124' title='bbox 345 2586 504 2663; x_wconf 84' lang='lat' dir='ltr'>tangunt.</span> <span class='ocrx_word' id='word_1_125' title='bbox 559 2581 660 2645; x_wconf 90' lang='lat' dir='ltr'>Unde</span> <span class='ocrx_word' id='word_1_126' title='bbox 691 2600 852 2662; x_wconf 83' lang='lat' dir='ltr'>rogamus</span> <span class='ocrx_word' id='word_1_127' title='bbox 881 2581 917 2644; x_wconf 93' lang='lat' dir='ltr'>in</span> <span class='ocrx_word' id='word_1_128' title='bbox 945 2581 1107 2658; x_wconf 90' lang='lat' dir='ltr'>Domino,</span> <span class='ocrx_word' id='word_1_129' title='bbox 1131 2601 1175 2645; x_wconf 93' lang='lat' dir='ltr'>ne</span> <span class='ocrx_word' id='word_1_130' title='bbox 1199 2582 1294 2646; x_wconf 91' lang='lat' dir='ltr'>istud</span> 
     </span>
     <span class='ocr_line' id='line_1_22' title="bbox 345 2680 1295 2764; baseline 0.002 -21"><span class='ocrx_word' id='word_1_131' title='bbox 345 2681 547 2745; x_wconf 88' lang='lat' dir='ltr'>scandalum</span> <span class='ocrx_word' id='word_1_132' title='bbox 566 2681 697 2745; x_wconf 86' lang='lat' dir='ltr'>oriatur</span> <span class='ocrx_word' id='word_1_133' title='bbox 714 2701 776 2764; x_wconf 90' lang='lat' dir='ltr'>per</span> <span class='ocrx_word' id='word_1_134' title='bbox 796 2700 859 2746; x_wconf 89' lang='lat' dir='ltr'>vos</span> <span class='ocrx_word' id='word_1_135' title='bbox 882 2681 918 2744; x_wconf 94' lang='lat' dir='ltr'>in</span> <span class='ocrx_word' id='word_1_136' title='bbox 936 2681 1082 2746; x_wconf 89' lang='lat' dir='ltr'>ecclesia</span> <span class='ocrx_word' id='word_1_137' title='bbox 1098 2680 1295 2760; x_wconf 87' lang='lat' dir='ltr'>Gallicana,</span> 
     </span>
     <span class='ocr_line' id='line_1_23' title="bbox 346 2781 1354 2865; baseline 0.007 -21"><span class='ocrx_word' id='word_1_138' title='bbox 346 2781 507 2858; x_wconf 77' lang='lat' dir='ltr'>scienteS,</span> <span class='ocrx_word' id='word_1_139' title='bbox 519 2781 609 2865; x_wconf 94' lang='lat' dir='ltr'>quod</span> <span class='ocrx_word' id='word_1_140' title='bbox 625 2782 699 2845; x_wconf 90' lang='lat' dir='ltr'>sine</span> <span class='ocrx_word' id='word_1_141' title='bbox 715 2783 867 2845; x_wconf 87' lang='lat' dir='ltr'>maximo</span> <span class='ocrx_word' id='word_1_142' title='bbox 880 2781 1046 2846; x_wconf 89' lang='lat' dir='ltr'>scandalo</span> <span class='ocrx_word' id='word_1_143' title='bbox 1061 2789 1096 2845; x_wconf 92' lang='lat' dir='ltr'>et</span> <span class='ocrx_word' id='word_1_144' title='bbox 1107 2782 1295 2846; x_wconf 88' lang='lat' dir='ltr'>inaestima-</span> <span class='ocrx_word' id='word_1_145' title='bbox 1348 2840 1354 2851; x_wconf 92' lang='grc'><em>,</em></span> 
     </span>
     <span class='ocr_line' id='line_1_24' title="bbox 344 2880 1295 2965; baseline 0.002 -22"><span class='ocrx_word' id='word_1_146' title='bbox 344 2881 406 2944; x_wconf 91' lang='lat' dir='ltr'>bili</span> <span class='ocrx_word' id='word_1_147' title='bbox 429 2881 554 2945; x_wconf 92' lang='lat' dir='ltr'>damno</span> <span class='ocrx_word' id='word_1_148' title='bbox 572 2903 641 2946; x_wconf 90' lang='lat' dir='ltr'>non</span> <span class='ocrx_word' id='word_1_149' title='bbox 665 2889 783 2965; x_wconf 90' lang='lat' dir='ltr'>posset</span> <span class='ocrx_word' id='word_1_150' title='bbox 805 2883 861 2946; x_wconf 91' lang='lat' dir='ltr'>hic</span> <span class='ocrx_word' id='word_1_151' title='bbox 884 2880 928 2944; x_wconf 91' lang='lat' dir='ltr'>ad</span> <span class='ocrx_word' id='word_1_152' title='bbox 950 2880 1107 2946; x_wconf 87' lang='lat' dir='ltr'>effectum</span> <span class='ocrx_word' id='word_1_153' title='bbox 1130 2881 1295 2964; x_wconf 82' lang='lat' dir='ltr'>perduci3</span> 
     </span>
     <span class='ocr_line' id='line_1_25' title="bbox 346 2981 1295 3066; baseline 0.006 -23"><span class='ocrx_word' id='word_1_154' title='bbox 346 2981 437 3062; x_wconf 86' lang='lat' dir='ltr'>quia,</span> <span class='ocrx_word' id='word_1_155' title='bbox 471 2988 546 3045; x_wconf 89' lang='lat' dir='ltr'>esto</span> <span class='ocrx_word' id='word_1_156' title='bbox 574 2982 665 3064; x_wconf 91' lang='lat' dir='ltr'>qnod</span> <span class='ocrx_word' id='word_1_157' title='bbox 692 2981 817 3066; x_wconf 91' lang='lat' dir='ltr'>aliquis</span> <span class='ocrx_word' id='word_1_158' title='bbox 843 2982 1039 3059; x_wconf 90' lang='lat' dir='ltr'>assentiret,</span> <span class='ocrx_word' id='word_1_159' title='bbox 1064 2982 1179 3046; x_wconf 89' lang='lat' dir='ltr'>nullus</span> <span class='ocrx_word' id='word_1_160' title='bbox 1202 2993 1295 3049; x_wconf 88' lang='lat' dir='ltr'>esset</span> 
     </span>
     <span class='ocr_line' id='line_1_26' title="bbox 346 3081 1294 3165; baseline 0.004 -21"><span class='ocrx_word' id='word_1_161' title='bbox 346 3081 422 3165; x_wconf 90' lang='lat' dir='ltr'>ejus</span> <span class='ocrx_word' id='word_1_162' title='bbox 443 3100 605 3146; x_wconf 91' lang='lat' dir='ltr'>assensus</span> <span class='ocrx_word' id='word_1_163' title='bbox 619 3083 656 3145; x_wconf 91' lang='lat' dir='ltr'>in</span> <span class='ocrx_word' id='word_1_164' title='bbox 671 3084 785 3159; x_wconf 89' lang='lat' dir='ltr'>rebus,</span> <span class='ocrx_word' id='word_1_165' title='bbox 801 3102 879 3165; x_wconf 90' lang='lat' dir='ltr'>quae</span> <span class='ocrx_word' id='word_1_166' title='bbox 897 3101 1014 3146; x_wconf 91' lang='lat' dir='ltr'>omnes</span> <span class='ocrx_word' id='word_1_167' title='bbox 1032 3089 1193 3165; x_wconf 85' lang='lat' dir='ltr'>tangunt,</span> <span class='ocrx_word' id='word_1_168' title='bbox 1216 3103 1294 3148; x_wconf 89' lang='lat' dir='ltr'>cum</span> 
     </span>
     <span class='ocr_line' id='line_1_27' title="bbox 346 3181 1294 3268; baseline 0.003 -24"><span class='ocrx_word' id='word_1_169' title='bbox 346 3181 416 3246; x_wconf 83' lang='lat' dir='ltr'>iere</span> <span class='ocrx_word' id='word_1_170' title='bbox 442 3202 560 3247; x_wconf 89' lang='lat' dir='ltr'>omnes</span> <span class='ocrx_word' id='word_1_171' title='bbox 588 3183 748 3268; x_wconf 88' lang='lat' dir='ltr'>majores,</span> <span class='ocrx_word' id='word_1_172' title='bbox 777 3189 813 3246; x_wconf 93' lang='lat' dir='ltr'>et</span> <span class='ocrx_word' id='word_1_173' title='bbox 836 3183 1042 3264; x_wconf 84' lang='lat' dir='ltr'>generaliter</span> <span class='ocrx_word' id='word_1_174' title='bbox 1065 3202 1183 3247; x_wconf 89' lang='lat' dir='ltr'>omnes</span> <span class='ocrx_word' id='word_1_175' title='bbox 1212 3185 1294 3248; x_wconf 90' lang='lat' dir='ltr'>snb-</span> 
     </span>
     <span class='ocr_line' id='line_1_28' title="bbox 345 3282 1292 3367; baseline 0.003 -22"><span class='ocrx_word' id='word_1_176' title='bbox 345 3282 419 3359; x_wconf 92' lang='lat' dir='ltr'>diti,</span> <span class='ocrx_word' id='word_1_177' title='bbox 442 3302 575 3346; x_wconf 91' lang='lat' dir='ltr'>necnon</span> <span class='ocrx_word' id='word_1_178' title='bbox 598 3284 724 3366; x_wconf 91' lang='lat' dir='ltr'>etipse</span> <span class='ocrx_word' id='word_1_179' title='bbox 746 3303 809 3346; x_wconf 87' lang='lat' dir='ltr'>rex</span> <span class='ocrx_word' id='word_1_180' title='bbox 831 3289 866 3347; x_wconf 89' lang='lat' dir='ltr'>et</span> <span class='ocrx_word' id='word_1_181' title='bbox 893 3301 1010 3346; x_wconf 86' lang='lat' dir='ltr'>omues</span> <span class='ocrx_word' id='word_1_182' title='bbox 1033 3283 1206 3366; x_wconf 84' lang='lat' dir='ltr'>principes</span> <span class='ocrx_word' id='word_1_183' title='bbox 1228 3303 1292 3367; x_wconf 91' lang='lat' dir='ltr'>pa·</span> 
     </span>
     <span class='ocr_line' id='line_1_29' title="bbox 345 3382 1294 3468; baseline 0.005 -23"><span class='ocrx_word' id='word_1_184' title='bbox 345 3383 413 3446; x_wconf 88' lang='lat' dir='ltr'>rati</span> <span class='ocrx_word' id='word_1_185' title='bbox 429 3390 511 3447; x_wconf 92' lang='lat' dir='ltr'>sunt</span> <span class='ocrx_word' id='word_1_186' title='bbox 525 3383 759 3447; x_wconf 89' lang='lat' dir='ltr'>contradicere</span> <span class='ocrx_word' id='word_1_187' title='bbox 776 3389 812 3446; x_wconf 91' lang='lat' dir='ltr'>et</span> <span class='ocrx_word' id='word_1_188' title='bbox 829 3382 988 3446; x_wconf 89' lang='lat' dir='ltr'>resistere</span> <span class='ocrx_word' id='word_1_189' title='bbox 1003 3402 1113 3465; x_wconf 88' lang='lat' dir='ltr'>usqne</span> <span class='ocrx_word' id='word_1_190' title='bbox 1134 3384 1178 3447; x_wconf 87' lang='lat' dir='ltr'>ad</span> <span class='ocrx_word' id='word_1_191' title='bbox 1202 3387 1294 3468; x_wconf 90' lang='lat' dir='ltr'>capi·</span> 
     </span>
     <span class='ocr_line' id='line_1_30' title="bbox 345 3483 1292 3566; baseline 0.003 -20"><span class='ocrx_word' id='word_1_192' title='bbox 345 3483 391 3546; x_wconf 89' lang='lat' dir='ltr'>tis</span> <span class='ocrx_word' id='word_1_193' title='bbox 419 3483 669 3565; x_wconf 87' lang='lat' dir='ltr'>expositionem</span> <span class='ocrx_word' id='word_1_194' title='bbox 693 3492 729 3548; x_wconf 93' lang='lat' dir='ltr'>et</span> <span class='ocrx_word' id='word_1_195' title='bbox 751 3484 860 3546; x_wconf 92' lang='lat' dir='ltr'>omnis</span> <span class='ocrx_word' id='word_1_196' title='bbox 883 3483 1022 3546; x_wconf 88' lang='lat' dir='ltr'>honoris</span> <span class='ocrx_word' id='word_1_197' title='bbox 1053 3484 1292 3566; x_wconf 86' lang='lat' dir='ltr'>privationem,</span> 
     </span>
     <span class='ocr_line' id='line_1_31' title="bbox 346 3583 1295 3667; baseline 0.008 -24"><span class='ocrx_word' id='word_1_198' title='bbox 346 3583 538 3664; x_wconf 87' lang='lat' dir='ltr'>praesertim</span> <span class='ocrx_word' id='word_1_199' title='bbox 569 3602 646 3646; x_wconf 91' lang='lat' dir='ltr'>cnm</span> <span class='ocrx_word' id='word_1_200' title='bbox 673 3583 831 3648; x_wconf 90' lang='lat' dir='ltr'>videatur</span> <span class='ocrx_word' id='word_1_201' title='bbox 859 3583 1036 3647; x_wconf 89' lang='lat' dir='ltr'>imminere</span> <span class='ocrx_word' id='word_1_202' title='bbox 1064 3592 1206 3667; x_wconf 89' lang='lat' dir='ltr'>propter</span> <span class='ocrx_word' id='word_1_203' title='bbox 1230 3585 1295 3650; x_wconf 92' lang='lat' dir='ltr'>hoc</span> 
     </span>
     <span class='ocr_line' id='line_1_32' title="bbox 345 3679 1295 3766; baseline 0.006 -23"><span class='ocrx_word' id='word_1_204' title='bbox 345 3679 545 3744; x_wconf 88' lang='lat' dir='ltr'>scandalum</span> <span class='ocrx_word' id='word_1_205' title='bbox 563 3683 742 3747; x_wconf 87' lang='lat' dir='ltr'>subversio</span> <span class='ocrx_word' id='word_1_206' title='bbox 766 3683 865 3764; x_wconf 83' lang='lat' dir='ltr'>regni</span> <span class='ocrx_word' id='word_1_207' title='bbox 882 3690 917 3747; x_wconf 91' lang='lat' dir='ltr'>et</span> <span class='ocrx_word' id='word_1_208' title='bbox 933 3683 1088 3747; x_wconf 82' lang='lat' dir='ltr'>ecclesiae</span> <span class='ocrx_word' id='word_1_209' title='bbox 1112 3686 1295 3766; x_wconf 88' lang='lat' dir='ltr'>generalis.</span> 
     </span>
     <span class='ocr_line' id='line_1_33' title="bbox 347 3780 1296 3866; baseline 0.006 -21"><span class='ocrx_word' id='word_1_210' title='bbox 347 3780 454 3845; x_wconf 88' lang='lat' dir='ltr'>Ratio</span> <span class='ocrx_word' id='word_1_211' title='bbox 478 3789 593 3845; x_wconf 91' lang='lat' dir='ltr'>autem</span> <span class='ocrx_word' id='word_1_212' title='bbox 616 3784 725 3847; x_wconf 90' lang='lat' dir='ltr'>nostri</span> <span class='ocrx_word' id='word_1_213' title='bbox 748 3783 880 3847; x_wconf 89' lang='lat' dir='ltr'>timoris</span> <span class='ocrx_word' id='word_1_214' title='bbox 903 3791 969 3861; x_wconf 89' lang='lat' dir='ltr'>est,</span> <span class='ocrx_word' id='word_1_215' title='bbox 988 3785 1079 3866; x_wconf 93' lang='lat' dir='ltr'>quod</span> <span class='ocrx_word' id='word_1_216' title='bbox 1098 3804 1176 3848; x_wconf 92' lang='lat' dir='ltr'>cum</span> <span class='ocrx_word' id='word_1_217' title='bbox 1192 3793 1296 3851; x_wconf 90' lang='lat' dir='ltr'>caete-</span> 
     </span>
     <span class='ocr_line' id='line_1_34' title="bbox 346 3882 1293 3968; baseline 0.006 -24"><span class='ocrx_word' id='word_1_218' title='bbox 346 3882 525 3963; x_wconf 82' lang='lat' dir='ltr'>risreguis</span> <span class='ocrx_word' id='word_1_219' title='bbox 544 3901 612 3945; x_wconf 89' lang='lat' dir='ltr'>uon</span> <span class='ocrx_word' id='word_1_220' title='bbox 630 3883 799 3948; x_wconf 88' lang='lat' dir='ltr'>habuistis</span> <span class='ocrx_word' id='word_1_221' title='bbox 816 3903 1019 3959; x_wconf 89' lang='lat' dir='ltr'>sermonem,</span> <span class='ocrx_word' id='word_1_222' title='bbox 1037 3894 1073 3950; x_wconf 91' lang='lat' dir='ltr'>et</span> <span class='ocrx_word' id='word_1_223' title='bbox 1087 3884 1293 3968; x_wconf 89' lang='lat' dir='ltr'>quibusdam</span> 
     </span>
     <span class='ocr_line' id='line_1_35' title="bbox 345 3982 1294 4068; baseline 0.006 -23"><span class='ocrx_word' id='word_1_224' title='bbox 345 3982 517 4064; x_wconf 88' lang='lat' dir='ltr'>episcopis</span> <span class='ocrx_word' id='word_1_225' title='bbox 540 3984 754 4066; x_wconf 88' lang='lat' dir='ltr'>praecepistis</span> <span class='ocrx_word' id='word_1_226' title='bbox 772 3991 807 4048; x_wconf 88' lang='lat' dir='ltr'>et</span> <span class='ocrx_word' id='word_1_227' title='bbox 828 3984 1023 4063; x_wconf 85' lang='lat' dir='ltr'>abbatibus,</span> <span class='ocrx_word' id='word_1_228' title='bbox 1039 3992 1090 4063; x_wconf 90' lang='lat' dir='ltr'>ut,</span> <span class='ocrx_word' id='word_1_229' title='bbox 1107 4005 1185 4050; x_wconf 92' lang='lat' dir='ltr'>cum</span> <span class='ocrx_word' id='word_1_230' title='bbox 1204 4005 1294 4068; x_wconf 89' lang='lat' dir='ltr'>prae-</span> 
     </span>
     <span class='ocr_line' id='line_1_36' title="bbox 345 4082 1297 4171; baseline 0.004 -26"><span class='ocrx_word' id='word_1_231' title='bbox 345 4082 466 4146; x_wconf 93' lang='lat' dir='ltr'>bendae</span> <span class='ocrx_word' id='word_1_232' title='bbox 489 4084 700 4162; x_wconf 90' lang='lat' dir='ltr'>vacaverint,</span> <span class='ocrx_word' id='word_1_233' title='bbox 724 4083 768 4148; x_wconf 91' lang='lat' dir='ltr'>ad</span> <span class='ocrx_word' id='word_1_234' title='bbox 796 4104 883 4167; x_wconf 91' lang='lat' dir='ltr'>opus</span> <span class='ocrx_word' id='word_1_235' title='bbox 908 4083 1036 4149; x_wconf 90' lang='lat' dir='ltr'>domini</span> <span class='ocrx_word' id='word_1_236' title='bbox 1060 4105 1160 4171; x_wconf 90' lang='lat' dir='ltr'>papae</span> <span class='ocrx_word' id='word_1_237' title='bbox 1187 4105 1297 4151; x_wconf 90' lang='lat' dir='ltr'>reser-</span> 
     </span>
     <span class='ocr_line' id='line_1_37' title="bbox 344 4182 450 4248; baseline 0 -3"><span class='ocrx_word' id='word_1_238' title='bbox 344 4182 450 4248; x_wconf 65' lang='lat' dir='ltr'>vent!</span> 
     </span>
    </p>
   </div>
   <div class='ocr_carea' id='block_1_4' title="bbox 0 0 1436 4866">
    <p class='ocr_par' dir='ltr' id='par_1_5' title="bbox 0 0 1436 4866">
     <span class='ocr_line' id='line_1_38' title="bbox 0 0 1436 4866; baseline 0 0"><span class='ocrx_word' id='word_1_239' title='bbox 0 0 1436 4866; x_wconf 95' lang='lat' dir='ltr'> </span> 
     </span>
    </p>
   </div>
  </div>
 </body>
</html>
