2864 4866
430 397 569 444 rnouns
593 397 864 446 msronrnruu.
1052 382 1116 446 221

170 556 306 619 modica
326 576 430 619 manu
453 557 606 635 militari,
628 558 694 640 ipsi
720 559 764 621 ad
793 578 874 622 suas
897 579 991 622 more
1014 559 1117 624 solito
1130 567 1184 607 Λ-Β-
1195 568 1251 608 ¹²³¹·

170 662 252 718 sunt
268 658 398 721 reversi
423 676 600 722 cavernas.
653 658 734 721 Rex
759 666 874 722 autem
896 668 1013 741 partes
1036 678 1114 723 aus·

169 756 275 819 trales
303 765 462 838 repetens
487 757 616 820 dimisit
639 759 675 820 in
702 758 858 839 partibus
882 759 950 822 illis
979 759 1117 822 Huber-

170 863 255 933 tum,
274 856 506 940 justiciarium
530 858 640 938 regni,
666 857 710 920 ad
734 858 986 940 reprimendum
1007 861 1116 942 impe-

170 962 227 1019 tus
258 956 464 1036 eorundem;
495 956 556 1018 sed
587 957 649 1032 illi,
680 958 842 1020 continuo
873 965 911 1022 ut
935 960 1117 1024 audierant

171 1075 342 1118 recessum
358 1057 459 1138 regis,
474 1055 517 1118 ad
535 1057 758 1138 praedandum
775 1059 916 1135 reversi,
928 1079 996 1122 non
1012 1058 1116 1142 longe

171 1164 331 1219 acastre
360 1154 665 1221 Montis-Gomerii
690 1158 886 1238 provincias
912 1159 1116 1225 infestantes

171 1256 293 1319 saevire
321 1263 513 1338 coeperunt.
566 1255 632 1318 Sed
661 1276 737 1320 cum
771 1257 911 1335 milites,
935 1259 994 1341 qui
1018 1268 1117 1325 erant

168 1355 206 1417 in
232 1352 392 1437 praesidio
420 1355 525 1420 castri
549 1357 739 1434 memorati,
767 1357 831 1420 boc
858 1360 1116 1440 cognovissent,

170 1474 213 1517 ne
234 1463 305 1518 tam
327 1456 433 1520 libere
454 1455 528 1519 sine
550 1456 737 1521 offensione
760 1457 1002 1536 discurrerent,
1023 1460 1116 1524 exie-

169 1563 251 1618 runt
279 1556 323 1618 ad
353 1557 509 1639 praelium
537 1564 658 1621 contra
687 1557 794 1640 ipsos,
823 1565 859 1621 et
882 1559 974 1622 viam
1000 1580 1115 1625 rever-

169 1649 263 1719 tendi
292 1657 544 1738 praecludentes
575 1656 703 1720 multos
735 1678 779 1720 ex
812 1658 861 1722 eis
888 1667 1054 1743 ceperunt
1080 1669 1115 1726 et

170 1757 336 1839 plurimos
362 1763 600 1840 peremerunt3
625 1777 771 1840 cumque
794 1758 885 1836 illos
908 1779 996 1841 quos
1015 1760 1114 1824 vives

169 1864 343 1939 ceperant,
355 1857 551 1942 justiciario
574 1864 853 1939 praesentassent,
870 1859 978 1943 jussit
997 1879 1115 1924 omnes

169 1957 358 2040 decapitari
398 1964 433 2020 et
466 1957 540 2038 regi
574 1956 767 2039 Anglorum
811 1960 928 2041 capita
963 1978 1115 2041 praesen·

170 2058 247 2121 tari.
331 2056 432 2136 Quod
465 2057 595 2121 factum
630 2057 793 2122 Loelinus
830 2061 932 2124 nimis
970 2060 1114 2125 moleste

168 2156 280 2221 serens
313 2157 452 2239 collegit
487 2157 678 2222 exercitum
710 2159 899 2241 copiosum,
937 2167 972 2224 et
1002 2167 1112 2223 terras

168 2260 348 2334 baronum,
368 2258 476 2340 quiin
493 2259 597 2349 limbo
612 2257 752 2323 Walliae
774 2259 958 2342 degebant,
982 2269 1016 2324 et
1034 2279 1114 2342 pos·

169 2359 339 2422 sessiones
365 2358 464 2440 gravi
490 2358 759 2441 depopulatione
783 2360 957 2437 contrivit,
980 2367 1027 2437 et,
1050 2379 1113 2425 nec

169 2459 332 2522 ecclesiis¹
356 2478 467 2540 neque
498 2459 654 2540 persenis
687 2459 928 2523 ecclesiasticis
956 2479 1113 2542 parcens,

168 2564 344 2622 matronas
360 2559 528 2640 quasdam
550 2559 682 2621 nobiles
701 2566 736 2623 et
752 2559 898 2642 puellas
914 2580 991 2642 quae
1008 2579 1116 2624 causa

166 2659 263 2741 pacis
294 2665 329 2722 et
359 2657 481 2721 salutis
509 2658 553 2720 ad
585 2657 747 2722 ecclesias
772 2659 1011 2742 confugerant,
1035 2680 1114 2724 cum

166 2759 252 2841 ipsis
267 2757 420 2822 ecclesiis
436 2758 677 2824 concremavit.

241 2933 330 3012 Quod
342 2956 407 3012 reu,
421 2934 547 3000 Laeliae
562 2936 829 3013 eaeommwuieaio,
846 2936 881 3000 iu
898 2932 1047 2998 Walliam

471 3037 582 3100 caerati
570 3045 635 3100 iam
651 3036 806 3101 conducit.

218 3159 373 3243 Cumque
401 3161 466 3225 hoc
496 3181 635 3225 enorme
661 3162 791 3225 factum
820 3160 863 3224 ad
896 3178 996 3223 aures
1022 3159 1222 3263 τεςίειξῑιξῖιοτενθΒ

170 3261 392 3343 pervenisset,
422 3255 579 3344 ¹collegit
603 3261 693 3343 apud
721 3261 895 3325 Oxoniam
923 3259 1113 3322 exercitum
1125 3275 1245 3373 {affin

166 3361 342 3444 copiosum
366 3363 445 3427 tert
420 3370 468 3427 tro
497 3362 575 3424 idus
598 3355 621 3424 J
626 3361 697 3437 ulu,
730 3361 788 3424 ubi
813 3379 890 3423 cum
914 3366 989 3423 tota
1018 3359 1113 3421 nebi·

165 3460 246 3524 litas
263 3460 414 3543 Angliae,
433 3469 504 3526 tam
525 3461 607 3525 cleri
627 3479 731 3542 quam
753 3460 884 3543 populi,
901 3465 1114 3540 congregata

165 3560 300 3638 suisset,
326 3563 478 3645 episcopi
509 3580 627 3624 omnes
654 3567 689 3624 et
715 3560 936 3624 ecclesiarum
966 3557 1114 3640 praelati,

166 3668 336 3741 praesente
367 3682 458 3743 rege,
489 3661 669 3725 Loelinum
700 3680 777 3723 cum
806 3660 878 3722 suis
908 3657 1112 3735 fautoribus,

167 3759 226 3840 qui
251 3760 414 3824 ecclesias
438 3767 710 3836 concremarant,
733 3760 950 3823 anathemate
972 3777 1113 3840 percus·

199 3934 208 3966 ¹
223 3938 347 4000 Collegit.
361 3975 368 3987 .
382 3939 533 3988 ‚exaratum
543 3939 621 4002 eopio-
655 3953 712 3987 sure
723 3942 749 3987 to
760 3938 827 3986 them
844 3937 907 3986 such
924 3937 997 3985 laude
1014 3951 1042 3985 as
1053 3936 1114 3997 they

163 4008 238 4071 aum]
260 4008 314 4056 'l'he
336 4008 398 4070 king
420 4009 475 4057 also
496 4007 583 4057 issued
606 4023 622 4057 a
654 4009 734 4070 might
742 4009 772 4057 be
782 4007 838 4057 able
846 4012 872 4057 to
880 4007 1114 4070 acquire3Rymer,

165 4078 344 4140 proclamation
355 4079 461 4140 inviting
469 4079 512 4126 the
524 4078 622 4127 Irishto
653 4079 672 4128 i.
684 4094 710 4140 p.
723 4082 779 4129 200.

163 4149 256 4198 invade
273 4149 368 4211 Wales,
387 4150 524 4210 promising
540 4152 566 4197 to
582 4163 620 4198 as·
