2864 4866
447 429 587 479 rnonrs
605 429 876 482 ursrnnmnun.
1068 418 1134 484 307

187 589 303 652 omnia
317 590 462 655 castella
480 609 545 654 sna
560 598 596 654 et
610 596 721 655 terras
737 588 932 666 Hiberniae,
940 587 1039 673 cujus
1057 609 1132 654 cnr·
1145 602 1268 693 3312&ng

185 707 251 771 pus
267 689 303 752 in
319 690 498 755 voluntate
516 689 591 774 ejus
606 696 689 753 erat
704 708 746 753 ac
767 695 954 771 potestate,
969 708 1133 770 quacum·
1145 704 1182 744 tue
1194 703 1294 744 mmm]-

187 807 254 870 que
270 790 419 854 voluerit
435 797 546 854 morte
565 789 669 854 etiam
689 789 889 871 turpissima
909 789 1132 872 puniendum,

186 889 303 970 utqui
327 908 390 972 per
412 889 582 973 judicium
606 889 711 953 curiae
736 907 809 952 snae
832 890 944 971 primo
969 890 1132 954 exulatus

187 1005 228 1050 ac
250 995 371 1069 postea
389 988 576 1067 diffidatus,
592 995 628 1052 et
641 1007 733 1051 nunc
754 989 791 1051 in
806 988 991 1072 campestri
1012 990 1132 1071 praelio

186 1094 308 1151 contra
324 1107 402 1153 eum
419 1089 601 1153 commisso
625 1095 773 1171 eaptus,
797 1087 915 1152 ‘Utile
931 1089 994 1152 tibi
1011 1089 1076 1153 erit
1093 1097 1133 1155 ut

185 1185 260 1250 haec
284 1186 392 1253 facias
416 1189 491 1253 sine
512 1188 783 1253 contradictione
806 1195 842 1252 et
864 1189 908 1251 ab
932 1207 973 1251 eo
1000 1188 1132 1252 miseri·

185 1286 336 1350 cordiam
351 1288 596 1371 consequaris?
647 1288 884 1353 Ostendemnt
898 1293 1066 1370 praeterea
1081 1288 1132 1352 illi

186 1385 304 1449 literas
329 1389 422 1469 regis
446 1395 619 1471 patentes,
645 1389 682 1452 in
701 1388 827 1471 quibus
849 1387 899 1452 eis
921 1394 1131 1470 praeceptum

186 1492 275 1562 erat,
286 1487 392 1568 quod,
401 1487 430 1552 si
439 1507 524 1552 casn
533 1489 709 1553 veniretin
723 1486 941 1565 Hiberniam,
953 1487 1021 1568 ipsi
1034 1487 1132 1551 illum

186 1593 351 1666 caperent
375 1594 410 1651 et
435 1589 553 1652 vivum
575 1588 641 1651 sibi
663 1594 725 1651 ant
746 1593 919 1650 mortuum
941 1594 1131 1669 praesenta·

184 1690 274 1748 rent.
327 1685 557 1750 Marescallns
579 1693 695 1750 autern
713 1686 834 1751 videns
853 1686 936 1768 quia
956 1687 993 1749 in
1015 1693 1131 1769 potes·

186 1791 259 1849 tate
285 1792 360 1849 erat
378 1785 592 1851 inimicorum
614 1804 756 1849 suorum
778 1785 943 1868 praecepit
966 1786 1131 1850 continuo

184 1902 246 1965 per
261 1884 380 1950 literas
402 1903 496 1962 suas,
519 1889 559 1948 ut
576 1885 694 1948 omnia
714 1885 859 1948 castella
876 1904 941 1948 sna
956 1885 1031 1966 regi
1053 1885 1131 1948 red·

185 1983 360 2062 derentur,
376 1984 533 2050 nesciens
551 1983 643 2067 quod
660 2003 825 2049 concessa
845 1990 946 2047 erant
961 1984 1132 2064 magnati-

184 2084 250 2147 bus
271 2083 340 2147 illis
366 2103 429 2167 per
450 2092 582 2149 cartam
604 2084 696 2166 regis
718 2083 808 2148 inter
828 2101 867 2146 se
888 2082 1074 2147 dividenda
1096 2091 1133 2148 et

181 2182 261 2267 jure
283 2183 502 2249 haereditario
528 2184 747 2267 possidenda.
799 2181 990 2264 Coeperunt
1008 2182 1132 2247 deinde

185 2283 331 2347 vulnera
347 2283 422 2366 ejus
435 2284 551 2348 dolere
572 2283 726 2366 graviter
740 2291 776 2348 et
789 2290 934 2358 tumere,
943 2282 1043 2345 unde
1059 2302 1132 2365 prae

186 2381 290 2447 nimio
307 2383 463 2447 cruciatu
476 2384 646 2448 auxilium
660 2383 783 2447 medici
799 2382 999 2465 postulavit.
1031 2381 1133 2446 Tunc

167 2480 379 2546 Mauricius
396 2483 625 2567 justiciarius,
652 2484 717 2547 sub
743 2483 844 2566 cnjus
866 2481 1025 2546 custodia
1045 2493 1134 2559 erat,

185 2581 356 2645 medicum
378 2583 530 2662 vocavit,
550 2583 684 2666 magis,
706 2589 746 2647 ut
767 2582 905 2659 dicitur,
927 2581 964 2645 in
986 2581 1133 2645 exitium

185 2699 289 2763 quam
317 2681 511 2763 auxilium3
541 2683 604 2747 sed
635 2683 876 2758 Marescallusr,
905 2687 946 2744 ut
975 2679 1134 2745 fidelissi·

186 2800 263 2845 mus
281 2780 511 2861 Christianus,
531 2787 613 2846 ante
632 2801 767 2847 omnem
784 2781 987 2845 medicinam
1011 2799 1134 2844 carna·

186 2881 266 2960 lem,
287 2882 324 2945 in
346 2882 562 2946 confessione
587 2889 623 2946 et
637 2883 764 2946 viatico
786 2900 828 2945 ac
846 2880 1003 2962 legitimo
1028 2886 1135 2943 testa-

187 2988 304 3045 mento
326 2982 459 3046 exitum
481 2999 582 3046 suum
603 2982 753 3046 munivit
775 2987 811 3044 et
825 2998 899 3044 suae
916 2977 1037 3042 mortis
1053 2997 1134 3042 cau·

187 3100 261 3145 sam
285 3081 436 3146 Domino
458 3082 724 3147 commendavit.
778 3079 936 3143 Medicus
958 3084 1075 3141 autem
1090 3077 1135 3141 ad

187 3200 266 3244 eum
289 3182 455 3246 accedens
478 3201 553 3246 cum
577 3182 668 3245 ferro
689 3181 796 3262 longo
817 3185 853 3242 et
865 3178 975 3259 ignito
991 3177 1136 3241 vulnera

187 3280 264 3365 ejus
295 3282 442 3364 aperuit,
474 3287 607 3346 ettam
635 3299 729 3363 saepe
754 3287 789 3343 et
813 3277 982 3361 profunde
1007 3275 1134 3339 serrum

188 3380 363 3458 demersit,
385 3380 478 3464 quod
501 3400 546 3445 ex
562 3380 759 3446 vulneribus
781 3378 985 3460 sanguinem
1007 3375 1134 3440 elicuit.

189 3479 419 3544 Marescallns
435 3500 517 3545 vern
538 3499 603 3563 pro
626 3480 732 3544 nimia
754 3478 883 3542 doloris
911 3475 1076 3557 angustia
1099 3475 1136 3538 in

188 3577 316 3644 febrem
340 3587 478 3646 acutam
503 3580 664 3645 decidens
683 3574 800 3643 ¹sext0
821 3577 953 3642 decimo
971 3575 1026 3638 die
1040 3582 1137 3657 post·

187 3699 293 3763 quarn
314 3680 351 3743 in
372 3681 493 3765 praelio
510 3681 713 3745 vulneratus
727 3679 842 3742 fuerat
858 3676 895 3740 in
909 3674 1060 3741 Domino
1077 3676 1138 3741 nb-

188 3780 352 3845 dormivit
373 3781 505 3846 decimo
526 3787 628 3845 sexto
650 3778 818 3843 kalendas
843 3775 954 3854 Maii3
985 3775 1023 3838 in
1047 3794 1138 3839 cras-

226 3977 484 4047 ¹Seatodecimedie.]
501 3983 567 4033 ‘Per
577 3983 651 4046 qnin-
676 3997 722 4032 rex
731 3981 880 4032 certioratus
890 3979 936 4028 diu
953 3978 1058 4042 gemuit,
1073 3978 1140 4027 sicut

190 4051 272 4101 decim
293 4053 349 4102 dies
372 4058 506 4114 sequentes
528 4054 652 4116 languens
677 4067 723 4101 rer
734 4051 821 4101 David
832 4064 909 4113 super
919 4055 997 4098 morte
1014 4048 1099 4098 Saulis
1115 4050 1141 4096 et

190 4127 216 4170 et
226 4122 401 4183 poenitentiam
412 4137 491 4185 agens
502 4123 568 4172 diem
583 4124 653 4173 clau·
677 4122 796 4172 Jonathae
806 4121 823 4181 ;’
840 4120 933 4170 chron.
941 4119 1035 4168 Durat.
1046 4133 1072 4179 p.
1081 4120 1140 4166 219.

190 4193 224 4241 ait
232 4196 380 4243 extremum.
407 4193 489 4256 Super
495 4194 570 4256 cru‘ns
576 4197 654 4242 morte
677 4193 726 4242 ‘In
737 4191 869 4242 castellum
884 4190 1079 4253 deputaverunt,
1095 4187 1139 4235 ubi
