2864 4866
282 423 285 428 ·
337 400 403 465 250
591 416 725 465 uocum
750 417 797 464 na
820 414 1026 466 ununovnn

177 589 232 629 av·
244 589 299 628 12³²·
339 573 389 639 At
411 576 534 658 major,
560 576 661 658 signo
686 577 858 640 communi
885 575 1037 659 pulsato,
1058 574 1140 638 fecit
1162 593 1290 638 eonve-

339 676 413 739 nire
439 676 605 758 populum
629 677 794 754 civitatis,
816 682 861 753 et,
885 680 1001 739 coram
1026 675 1075 738 eis
1098 675 1190 756 regis
1211 675 1289 738 lite·

338 775 387 839 ris
414 775 585 859 perlectis,
616 777 781 860 praecepit
804 776 974 853 omnibus,
1002 781 1043 838 ut
1064 775 1289 841 convolarent

339 876 383 939 ad
402 895 500 940 arma
521 884 556 940 et
578 877 710 958 regium
737 896 870 940 summo
894 895 995 940 mane
1015 881 1289 957 exsequerentur

339 976 501 1040 edictum.
548 976 651 1041 Cives
680 983 808 1054 autem,
834 996 912 1040 cum
943 975 1141 1058 hujusmodi
1168 975 1289 1038 literas

338 1075 603 1155 intellexissent,
620 1076 733 1158 gavisi
754 1082 836 1141 sunt
852 1074 966 1153 valdo,
983 1076 1066 1159 quia
1089 1075 1288 1138 Hubertnm

339 1177 478 1240 mortali
498 1170 589 1241 ¹odio
612 1177 902 1260 perstringebant,
924 1176 1012 1241 etin
1032 1176 1186 1239 crastino
1207 1183 1288 1240 ante

339 1276 451 1340 lucem
475 1283 642 1341 exeuntes
664 1277 708 1340 ab
731 1278 816 1340 urbe
836 1277 881 1340 ad
899 1277 1025 1358 viginti
1044 1275 1154 1339 millia
1174 1290 1289 1339 arma-

278 1428 282 1435 .
339 1384 454 1440 torum
483 1396 603 1442 versus
636 1376 844 1442 Meritonam
876 1376 1006 1441 vexilla
1041 1385 1223 1441 moverunt
1252 1383 1289 1440 et

339 1496 449 1554 arma,
475 1483 515 1541 ut
536 1476 737 1541 mandatum
762 1478 895 1560 regium
921 1483 1212 1560 prosequerentur
1237 1476 1288 1540 et-

339 1577 441 1641 factu.
488 1576 566 1655 Sed,
585 1577 666 1640 dum
684 1575 758 1643 haec
781 1584 979 1659 agerentur,
996 1584 1199 1659 suggestum
1222 1576 1289 1640 tuit

340 1678 414 1765 regi
441 1695 463 1740 a
483 1677 608 1741 comite
631 1676 820 1756 Castrensi,
842 1677 948 1760 quod,
974 1677 1005 1741 si
1024 1678 1129 1741 talem
1154 1666 1287 1741 excitd-

339 1785 393 1841 ret
422 1776 625 1843 seditionem
656 1779 692 1841 in
714 1778 821 1860 vulgo
853 1779 1082 1842 irrationabili
1113 1785 1149 1842 et
1176 1779 1288 1856 fatuo,

339 1885 458 1960 posset
478 1898 539 1942 rex
563 1879 695 1956 timere,
719 1898 762 1942 ne
789 1879 989 1944 seditionem
1017 1878 1123 1942 semel
1146 1878 1287 1942 inchoa·

340 1985 412 2041 tam
432 1979 553 2042 sedare
578 1999 646 2043 non
668 1979 799 2044 valeret
820 2000 899 2044 cum
920 1980 1048 2058 vellet3
1076 1986 1113 2043 et
1127 1978 1189 2055 sic,
1212 1998 1289 2042 rnu-

340 2084 415 2142 tato
431 2079 589 2156 consilio,
610 2099 673 2144 rex
692 2079 816 2164 majori
833 2079 1019 2156 nuntiavit,
1036 2085 1076 2142 ut
1092 2088 1289 2162 promotum

256 2226 258 2230 .
340 2179 531 2243 exercitum
552 2180 645 2244 illico
671 2188 861 2245 revocaret.
914 2179 964 2246 At
986 2180 1079 2244 cives
1102 2181 1215 2244 animo
1236 2181 1289 2242 ni·

339 2280 404 2343 mis
421 2281 645 2358 consternati,
660 2282 789 2345 reversi
804 2281 936 2346 suntin
955 2280 1131 2347 civitatem
1149 2280 1289 2362 negotio

340 2379 551 2462 imperfecto.
1216 2373 1218 2376 ’

394 2555 547 2631 Quomodo
560 2555 719 2622 Hubertus
734 2555 771 2621 du
786 2557 895 2642 Burpo
912 2555 949 2620 de
965 2555 1102 2642 quadam
1118 2553 1241 2640 rapulla

448 2665 604 2720 estractus
620 2658 655 2721 u'u
672 2658 758 2722 turri
772 2657 979 2722 Loudouu'eusu'
993 2655 1180 2722 retruditur.

179 2797 321 2848 takerrefure
392 2781 480 2845 Post
507 2781 581 2845 haec
608 2781 887 2865 archiepiscopus
914 2781 1139 2846 Dnblinensis
1171 2778 1291 2843 multis

96 2878 97 2882 ’
179 2847 296 2946 m?
340 2882 500 2966 precibus
538 2882 737 2966 impetravit
769 2902 792 2946 a
824 2902 906 2964 rege
937 2883 1094 2946 inducias
1127 2880 1290 2944 Huberto

341 3003 435 3067 saepe
469 2983 563 3048 dicto
600 3002 711 3066 usque
745 2983 789 3045 ad
825 2989 967 3047 octavas
1001 2981 1219 3065 Epiphaniae,
1250 2987 1292 3044 ut

342 3088 477 3167 tempus
504 3083 648 3148 haberet
674 3083 887 3147 deliberandi
918 3103 1023 3166 super
1050 3081 1291 3147 exactionibus

342 3185 543 3273 praemissis,
560 3203 639 3268 quae
663 3184 917 3266 urgentissimae
934 3183 1086 3260 bierunt,
1103 3189 1154 3259 ut,
1171 3181 1291 3245 habita

342 3284 600 3363 deliberatione,
626 3285 700 3366 regi
731 3290 849 3367 posset
871 3283 1124 3348 rationabiliter
1148 3301 1291 3364 respon·

343 3385 422 3450 dere
447 3394 482 3450 et
506 3385 706 3450 satisfacere
730 3391 975 3467 competenter.
1028 3381 1291 3447 Tunc'Huber-

342 3494 412 3563 tus,
436 3494 591 3568 accepta,
615 3494 655 3550 ut
677 3485 850 3561 credebat,
872 3486 1057 3549 securitate
1083 3502 1145 3566 per
1171 3483 1291 3545 literas

342 3586 434 3667 regis
466 3593 637 3669 patentes,
668 3587 735 3650 iter
765 3586 912 3667 arripuit
938 3585 981 3649 ad
1011 3590 1169 3648 sanctum
1199 3582 1293 3646 Ead-

377 3735 461 3788 ¹0dio
474 3731 703 3806 perstringedunt]
728 3737 805 3788 Paris
831 3738 892 3800 they
910 3744 979 3789 went
997 3744 1022 3788 to
1044 3737 1085 3788 his
1110 3738 1210 3800 palace,
1232 3737 1293 3801 and,

341 3810 400 3858 here
416 3808 491 3866 adds,
503 3810 559 3857 that
575 3822 644 3858 some
659 3823 728 3858 more
744 3825 804 3872 pru·
829 3809 935 3872 waning
951 3809 1004 3858 him
1020 3809 1054 3858 ‘a
1067 3822 1154 3858 somno
1171 3808 1295 3870 stupido‚’

341 3881 402 3929 dant
412 3879 525 3941 citizens,
536 3879 634 3928 heeded
646 3880 680 3941 by
690 3880 804 3929 Andraw
828 3879 1115 3942 soughthiscouns013
1137 3878 1178 3928 his
1193 3893 1294 3928 answer
1394 3932 1397 3937 ἕ

343 3949 456 3998 Bukerel
475 3949 525 3998 and
541 3949 609 3999 John
626 3950 742 4012 Travers,
758 3950 804 3999 de·
828 3965 893 4012 was,
905 3950 960 4000 that
970 3965 1002 3999 on
1013 3950 1094 3999 either
1104 3950 1172 3998 hand
1183 3947 1204 3997 it
1210 3963 1266 3998 was
1277 3965 1294 3999 a

323 4013 473 4081 termium,
494 4018 579 4069 before
602 4020 755 4083 proceeding
777 4025 803 4069 to
829 4020 877 4070 bad
890 4021 1017 4082 business,
1033 4018 1054 4085 (‘
1064 4020 1155 4069 durum
1172 4018 1242 4081 hinc,
1253 4020 1293 4068 di·

341 4090 504 4151 extremities,
517 4094 543 4139 to
558 4091 642 4140 obtain
654 4091 696 4140 the
712 4089 802 4152 bishop
829 4105 884 4140 rum
906 4090 994 4153 inde,')
1017 4092 1063 4140 but
1081 4090 1137 4140 thet
1150 4089 1212 4150 they
1225 4095 1294 4140 murt

340 4161 369 4208 ol
374 4156 551 4210 winchester‘s
562 4162 651 4211 advice
663 4176 691 4210 as
699 4166 725 4209 to
733 4160 803 4210 what
827 4163 891 4224 obey
903 4162 944 4211 the
957 4157 1041 4224 ltin‘g’s
1051 4162 1148 4211 orders.
1353 4168 1356 4175 ’

339 4230 399 4293 they
422 4228 513 4280 should
535 4232 577 4282 do.
627 4230 801 4294 Accordingly
