2864 4866
402 397 541 446 ruonus
565 397 835 448 u1sron1nnuu.
1044 386 1088 450 15

139 554 360 620 obsecrantes
371 563 410 620 ut
422 557 579 621 celeriter
589 557 787 622 subveniret
798 558 958 622 obsessis.
987 559 1087 623 Tunc
1099 572 1156 612 A·1>·
1168 568 1223 610 ¹²¹⁷·

140 674 254 718 comes
271 655 450 739 praefatus
473 657 573 740 cujus
595 657 680 720 illud
700 658 923 741 municipium
939 666 1026 737 erat,
1043 659 1086 723 ad

141 753 375 834 Lodowicum,
397 758 457 840 qui
478 777 589 840 nuper
610 758 653 821 de
673 759 829 840 partibus
849 761 1087 823 transmarinis

140 854 185 918 ad
207 857 326 920 urbem
353 856 610 921 Londoniarum
637 857 798 935 redierat,
826 859 979 934 veniens
1009 879 1087 941 pos-

141 955 268 1020 tulavit
289 976 367 1020 eum
387 976 465 1020 cnm
491 957 611 1022 amicis
637 958 811 1035 obnixius,
835 965 874 1022 ut
896 959 1088 1022 subsidium

141 1055 293 1120 mitteret
322 1057 471 1121 militare
501 1076 563 1139 per
594 1057 686 1140 quod
713 1058 846 1122 obsidio
873 1059 1086 1138 solveretur3

141 1155 294 1233 tandem,
326 1156 445 1221 habito
481 1164 634 1222 tractatu
667 1157 711 1221 ad
744 1159 903 1236 invicem,
935 1178 1088 1223 commu-

142 1255 233 1319 niter
261 1256 499 1335 decreverunt,
525 1264 565 1321 ut
589 1256 680 1339 legio
707 1259 855 1323 militum
882 1260 1088 1336 mitteretur,

143 1374 221 1437 quae
256 1355 470 1420 obsidionem
505 1356 656 1422 solveret
686 1365 722 1423 et
753 1366 863 1423 totam
903 1358 1088 1424 Lodowico

141 1456 352 1537 provinciam
371 1456 585 1540 subjugaret.
633 1458 929 1541 Exieruntitaque
946 1461 991 1524 ab
1006 1461 1089 1523 urbe

141 1555 400 1620 Londoniarum
425 1557 553 1621 milites
580 1559 736 1623 sexcenti
759 1565 795 1622 ct
819 1578 896 1622 cum
921 1560 971 1622 eis
994 1559 1090 1641 plus-

138 1674 247 1738 quam
272 1657 397 1739 viginti
424 1656 532 1720 millia
555 1664 777 1736 armatorum,
803 1659 862 1740 qui
888 1679 1008 1722 omnes
1033 1678 1090 1722 as·

142 1756 304 1838 pirabant
322 1757 359 1820 in
381 1757 505 1834 aliona,
523 1757 688 1822 habentes
711 1759 882 1841 principes
907 1758 1000 1822 illius
1025 1760 1089 1822 mi-

142 1855 227 1920 litiae
245 1850 421 1921 ¹comitem
438 1856 685 1935 Porticensem,
699 1858 963 1921 mareschallum
981 1859 1090 1921 Fran-

143 1955 218 2033 ciae,
239 1957 397 2021 comitem
418 1957 695 2022 Wintoniensem
717 1957 873 2036 Sacrum,
897 1958 1089 2022 Robertum

133 2055 428 2144 'filium-Walteri,
444 2076 523 2121 cum
544 2050 642 2121 ²aliis
664 2059 794 2134 multis,
810 2078 897 2140 quos
920 2058 962 2122 ad
983 2078 1089 2141 expe-

142 2155 306 2220 ditionem
337 2157 427 2222 hanc
457 2158 599 2222 idoneos
624 2157 841 2242 judicabant.
884 2157 1089 2223 Moventes

143 2263 259 2320 autem
282 2265 399 2322 castra
427 2257 537 2340 pridie
566 2257 734 2322 kalendas
761 2259 860 2334 Maii,
889 2259 924 2321 id
949 2265 1011 2337 est,
1035 2258 1090 2322 die

144 2356 252 2421 Lunae
278 2358 436 2439 proximo
461 2364 543 2422 ante
570 2359 805 2422 ascensionem
830 2360 983 2436 Domini,
1009 2379 1090 2441 pro-

143 2455 225 2521 fecti
253 2466 334 2522 sunt
357 2457 449 2539 apud
475 2464 633 2521 sanctum
655 2456 832 2523 Albanum
858 2479 1003 2541 quaeque
1025 2460 1091 2522 sibi

144 2557 248 2621 obvia
270 2557 521 2639 depraedantes.
575 2557 738 2642 Ruptarii
755 2579 838 2625 vero
858 2569 892 2623 et
912 2559 1092 2641 praedones

144 2656 346 2740 nequissimi
368 2657 410 2721 de
430 2677 537 2739 regno
562 2657 774 2723 Francorum
789 2658 891 2722 villas
913 2659 948 2722 in
967 2678 1091 2742 gyrum

40 2808 41 2812 ,
144 2757 397 2840 perlustrantes
427 2757 579 2821 ecclesiis
611 2767 647 2823 et
676 2759 882 2822 coemeteriis
911 2779 980 2823 non
1011 2778 1092 2841 par·

144 2858 282 2934 cebant,
305 2857 388 2940 quin
411 2877 511 2921 omne
537 2877 647 2939 genus
675 2858 852 2923 hominnm
874 2865 1038 2940 caperent
1058 2865 1093 2922 et

145 2957 335 3038 spoliarent
358 2976 400 3021 ac
423 2956 497 3021 diro
523 2959 752 3022 membrorum
772 2959 927 3022 cruciatu
950 2958 994 3021 ad
1015 2976 1094 3041 gra·

145 3057 322 3121 vissimam
354 3056 622 3140 redemptionem
651 3058 922 3141 compellerent3
953 3059 1093 3122 abbatia

145 3175 282 3238 quoque
306 3157 419 3220 sancti
446 3155 584 3235 Albani,
614 3158 714 3242 cujus
746 3159 854 3222 abbas
882 3157 986 3241 paulo
1011 3165 1093 3223 ante

146 3257 229 3320 data
245 3256 393 3339 pecunia
408 3273 536 3338 magna
557 3257 742 3326 Lodowico
762 3258 990 3334 satisfecerat,
1007 3278 1093 3341 prae-

146 3355 274 3420 donum
289 3376 412 3420 manus
430 3355 554 3435 evasit,
571 3359 622 3423 ita
639 3356 731 3440 quod
747 3358 833 3421 nihil
850 3365 977 3441 practer
996 3376 1094 3423 escas

146 3464 181 3521 et
197 3456 323 3539 pocula
339 3457 530 3540 rapiebant.

183 3664 191 3697 ¹
206 3665 324 3716 Comitem
335 3665 526 3728 Porticensem]
543 3665 609 3715 Tho·
632 3667 752 3730 Geoffrsy
764 3667 815 3716 bad
831 3668 975 3728 possession
986 3666 1015 3716 oi
1022 3667 1096 3716 lands

147 3751 211 3799 mas,
219 3736 272 3786 carl
282 3734 311 3786 of
319 3735 428 3797 Perche,
436 3750 481 3785 son
494 3735 522 3782 of
531 3734 607 3784 Geof·
633 3739 659 3785 in
676 3738 718 3787 the
736 3753 823 3786 manor
839 3738 868 3787 of
877 3737 993 3786 Aldburn
1011 3742 1037 3785 at
1053 3736 1096 3784 the

148 3806 202 3869 frey
219 3807 272 3856 earl
293 3806 322 3855 of
343 3805 441 3854 Perche
465 3805 516 3853 and
539 3805 610 3853 Mor·
633 3808 693 3856 time
704 3807 733 3856 oi
741 3808 781 3856 bis
792 3807 885 3868 death3
903 3807 962 3856 Rot.
971 3807 1059 3855 Claus.
1068 3820 1095 3867 p.

146 3882 235 3939 tagne3
246 3875 610 3938 Anselme,Hist.Geneal.iii.
634 3881 690 3927 su.

146 3962 173 4008 p.
187 3951 244 3996 stt.
280 3947 354 3996 From
371 3961 388 3995 s
398 3947 457 3994 writ
470 3944 611 3994 addressed

147 4021 173 4066 to
184 4017 227 4066 the
239 4017 329 4066 sheriff
342 4016 371 4065 of
379 4015 509 4064 Wiltshire
527 4015 553 4062 in
564 4015 611 4063 be·
669 4005 758 4058 ultis
779 4006 901 4070 multia]
938 4005 1009 4054 Brito
1031 4003 1097 4053 adds

148 4087 205 4136 hali
213 4087 242 4137 oi
256 4087 298 4136 the
315 4087 368 4136 earl
386 4086 416 4134 os
432 4086 574 4145 Salisbury,
590 4085 622 4133 it!
634 4080 720 4128 Simon
732 4078 886 4138 Pissianita3
898 4077 960 4126 Rec.
972 4075 1018 4125 des
1027 4075 1097 4124 Hist.

147 4173 256 4220 appears
280 4158 335 4208 that
356 4157 399 4206 the
427 4155 609 4205 above-named
620 4118 623 4210 ἓ
634 4151 697 4199 xvii.
710 4165 735 4211 p.
749 4152 805 4197 110.
