2864 4866
364 398 428 464 116
611 414 745 464 nouum
770 416 816 463 nu
839 415 1046 464 wunnovna

203 591 325 632 rub-1²2⁶·
364 584 399 642 et
430 577 489 642 alii
518 576 739 641 ecclesiarum
776 577 925 659 praelati,
957 583 1038 641 sunt
1071 576 1242 652 absentes,
1276 576 1311 641 in

364 698 481 743 eorum
508 677 665 742 absentia
686 678 783 742 vobis
806 676 1012 761 respondere
1035 697 1103 742 non
1126 696 1311 759 possumus

364 799 427 844 nec
449 779 633 858 debemus3
659 780 752 862 quia,
773 780 803 843 si
824 778 859 843 id
881 779 995 843 facere
1013 796 1312 861 praesumeremus,

363 881 400 943 in
427 879 665 964 praejudicium
694 880 847 944 omnium
876 880 1071 943 absentium
1096 878 1195 942 fieret
1220 898 1312 962 prae-

364 979 537 1045 latorum.'
608 980 666 1058 Et,
689 980 755 1044 biis
777 980 890 1058 dictis,
914 979 1008 1045 venit
1030 978 1209 1043 Johannes
1234 979 1313 1042 Ma·

365 1081 554 1145 rescballus
583 1087 618 1145 et
643 1082 702 1145 alii
730 1081 842 1145 nuntii
870 1080 971 1162 regis,
1000 1079 1043 1144 ad
1073 1098 1191 1144 omnes
1223 1100 1314 1162 praa-

365 1181 468 1260 latos,
492 1182 551 1265 qui
579 1181 621 1244 de
650 1201 731 1264 rege
757 1180 919 1245 baronias
937 1181 1104 1245 tenebant
1124 1181 1160 1244 in
1188 1181 1314 1263 capite,

366 1281 541 1360 destinati,
561 1281 716 1347 districte
736 1281 941 1359 inhibentes
961 1301 1004 1344 ne
1025 1281 1154 1345 laicum
1175 1280 1313 1345 feodum

366 1401 467 1446 suum
491 1381 661 1446 Romanae
685 1383 839 1447 eeclesiae
863 1382 1068 1465 obligarent,
1090 1381 1182 1445 unde
1201 1399 1223 1444 a
1245 1401 1314 1445 ser-

366 1482 452 1546 vitio
478 1482 544 1546 sibi
569 1482 684 1548 debito
711 1484 917 1565 privaretur.
970 1482 1061 1547 Haec
1092 1489 1208 1547 autem
1237 1501 1314 1546 cum

368 1583 534 1665 magister
557 1582 651 1647 Otho
668 1583 909 1660 intellexisset,
928 1583 1052 1647 statuit
1074 1582 1128 1647 bis
1152 1583 1212 1665 qui
1233 1583 1316 1647 ade·

367 1689 448 1746 rant
464 1683 554 1746 diem
573 1683 621 1749 ibi
640 1684 677 1749 in
696 1683 808 1748 media
829 1683 1116 1766 Quadragesima,
1139 1683 1221 1747 dum
1240 1684 1316 1766 ipse

367 1791 569 1866 procuraret
590 1785 682 1866 regis
708 1785 893 1850 adventum
917 1791 953 1849 et
971 1785 1166 1849 absentium
1190 1784 1316 1867 praela·

369 1891 496 1961 torum,
526 1890 566 1949 ut
594 1893 677 1950 tunc
710 1885 887 1967 negotium
919 1885 1101 1948 sortiretur
1128 1884 1313 1965 effectum3

369 1984 430 2058 sed
458 1983 509 2048 illi
539 1985 670 2070 absque
699 1985 792 2066 regis
821 1991 856 2048 et
884 1984 1040 2062 aliorum,
1066 1985 1126 2068 qui
1155 1986 1315 2050 absentes

368 2091 479 2163 erant,
502 2105 643 2151 assensu
666 2084 849 2169 praefixum
874 2084 964 2149 diem
991 2084 1171 2153 admittere
1196 2086 1316 2150 nolue-

367 2193 460 2262 runt,
476 2185 566 2249 unde
583 2186 711 2269 singuli
727 2185 771 2249 ad
786 2184 927 2268 propria
940 2191 1022 2249 sunt
1036 2185 1177 2251 reversi.

389 2359 438 2422 aa
452 2369 547 2458 aaa
562 2359 719 2427 taratra·
736 2359 894 2438 thleuat,
911 2359 1029 2425 caua
1046 2357 1293 2425 strattona.
1325 2339 1328 2344 ’

207 2497 356 2588 mortha
421 2485 501 2550 Rex
523 2484 717 2568 Anglorum
743 2487 888 2563 interea,
911 2505 988 2550 cum
1011 2485 1102 2568 apud
1127 2483 1316 2549 Merleber·

208 2599 322 2647 smaury.
369 2586 463 2669 giam
479 2587 523 2650 ab
538 2587 739 2652 infirmitate
761 2605 825 2650 sua
840 2587 942 2669 plene
957 2585 1204 2662 convaluisset,
1221 2582 1318 2650 venit

369 2687 413 2750 ad
437 2707 515 2751 eum
536 2687 584 2750 ibi
601 2687 808 2765 Willelmus,
828 2706 942 2751 comes
960 2684 1235 2762 saresbiriensis,
1257 2683 1317 2766 qui

369 2795 448 2870 post
470 2788 575 2870 longa
604 2788 709 2852 maris
737 2787 892 2871 pericula
913 2795 1018 2851 antea
1041 2786 1078 2850 in
1100 2785 1220 2850 diebus
1243 2784 1318 2849 Na-

369 2889 491 2953 talitiis
504 2889 539 2952 in
559 2887 735 2953 cornubia
757 2907 835 2952 eum
858 2885 1059 2951 difficultate
1078 2886 1313 2971 applicuerat;

370 2990 441 3074 qui,
464 3008 542 3053 cum
563 2989 686 3053 suisset
702 3008 724 3053 a
745 3008 828 3070 rege
847 2987 884 3051 in
907 3002 1035 3069 magna
1055 2994 1236 3070 susceptus
1259 2986 1317 3051 lae-

370 3090 460 3168 titia,
482 3089 525 3153 de
545 3089 741 3174 justiciario
767 3107 884 3153 coram
907 3088 1045 3152 domino
1067 3107 1149 3169 rege
1174 3104 1316 3171 gravem

370 3190 529 3272 deposuit
549 3189 736 3273 querelam,
756 3188 860 3273 quod,
881 3187 960 3252 dum
986 3188 1022 3251 in
1045 3188 1187 3253 remotis
1208 3189 1318 3272 parti-

369 3291 435 3354 bus
461 3297 551 3355 esset
576 3290 613 3353 in
637 3290 780 3355 servitio
808 3308 883 3366 suo,
905 3289 979 3371 ipse
1005 3288 1146 3353 miserat
1170 3288 1319 3371 degene-

371 3410 442 3454 rem
466 3390 574 3454 virum
598 3391 782 3473 quendam,
805 3388 864 3473 qui
887 3408 928 3452 eo
949 3389 1089 3454 vivente
1109 3408 1188 3453 eum
1208 3408 1318 3452 uxore

371 3509 436 3554 sua
460 3490 621 3554 fornicari
642 3491 813 3574 disposuit
832 3497 867 3554 et
887 3489 1117 3554 adulterinum
1140 3509 1219 3554 cnm
1240 3488 1320 3572 ipsa

371 3591 625 3654 matrimonium
653 3591 856 3655 contrahere
882 3591 1075 3670 violenter;
1112 3589 1244 3654 addidit
1265 3591 1318 3653 in·

373 3710 489 3773 super,
511 3690 615 3772 quod,
639 3691 705 3755 nisi
731 3711 793 3756 rex
812 3690 950 3774 plenam
972 3690 1041 3754 sibi
1063 3689 1106 3754 de
1122 3690 1319 3774 justitiario

374 3790 502 3855 faceret
522 3789 694 3873 justitiam
720 3791 887 3870 exbiberi,
916 3791 1061 3874 ipsemet
1084 3792 1255 3873 quaereret
1277 3789 1320 3856 de

374 3897 473 3956 tanto
499 3911 644 3956 excessu
668 3892 855 3958 vindictam
885 3892 921 3956 in
953 3891 1193 3973 gravissimam
1221 3891 1321 3974 regni

373 3992 677 4074 perturbationem.
730 3993 830 4057 Tunc
844 3991 1071 4077 justiciarius,
1088 3992 1147 4075 qui
1165 4011 1320 4075 praeseus

372 4099 460 4164 erat,
488 4092 664 4176 proprium
693 4094 870 4158 confessus
901 4100 1034 4158 reatum
1057 4093 1094 4156 in
1120 4092 1217 4176 equis
1243 4112 1322 4176 pre·

372 4193 471 4258 tiosis
503 4201 537 4258 at
562 4192 736 4259 donativis
763 4194 962 4277 ingentibus
991 4195 1141 4277 gratiam
1169 4193 1243 4258 sibi.
1264 4213 1322 4258 co-
1411 4266 1422 4271 ,,
