<?xml version="1.0" encoding="UTF-8"?>
<!DOCTYPE html PUBLIC "-//W3C//DTD XHTML 1.0 Transitional//EN"
    "http://www.w3.org/TR/xhtml1/DTD/xhtml1-transitional.dtd">
<html xmlns="http://www.w3.org/1999/xhtml" xml:lang="en" lang="en">
 <head>
  <title>
</title>
<meta http-equiv="Content-Type" content="text/html;charset=utf-8" />
  <meta name='ocr-system' content='tesseract 3.04.00' />
  <meta name='ocr-capabilities' content='ocr_page ocr_carea ocr_par ocr_line ocrx_word'/>
</head>
<body>
  <div class='ocr_page' id='page_1' title='image "./rogeridewendove03rogegoog_0077.png"; bbox 0 0 2864 4866; ppageno 0'>
   <div class='ocr_carea' id='block_1_1' title="bbox 369 395 1057 460">
    <p class='ocr_par' dir='ltr' id='par_1_1' title="bbox 369 395 1057 460">
     <span class='ocr_line' id='line_1_1' title="bbox 369 395 1057 460; baseline -0.007 0"><span class='ocrx_word' id='word_1_1' title='bbox 369 395 414 460; x_wconf 85' lang='grc'>66</span> <span class='ocrx_word' id='word_1_2' title='bbox 622 410 755 458; x_wconf 80' lang='lat' dir='ltr'>aecum</span> <span class='ocrx_word' id='word_1_3' title='bbox 779 410 827 457; x_wconf 88' lang='lat' dir='ltr'>nn</span> <span class='ocrx_word' id='word_1_4' title='bbox 851 407 1057 458; x_wconf 81' lang='lat' dir='ltr'>wsunovna</span> 
     </span>
    </p>
   </div>
   <div class='ocr_carea' id='block_1_2' title="bbox 209 565 1320 1450">
    <p class='ocr_par' dir='ltr' id='par_1_2' title="bbox 209 565 1320 1450">
     <span class='ocr_line' id='line_1_2' title="bbox 209 565 1319 652; baseline -0.005 -20"><span class='ocrx_word' id='word_1_5' title='bbox 209 583 332 622; x_wconf 59' lang='lat' dir='ltr'>nonae.</span> <span class='ocrx_word' id='word_1_6' title='bbox 370 568 493 634; x_wconf 87' lang='lat' dir='ltr'>lationi</span> <span class='ocrx_word' id='word_1_7' title='bbox 515 568 776 652; x_wconf 90' lang='lat' dir='ltr'>archiepiscopi,</span> <span class='ocrx_word' id='word_1_8' title='bbox 803 568 967 652; x_wconf 83' lang='lat' dir='ltr'><strong>episcopi,</strong></span> <span class='ocrx_word' id='word_1_9' title='bbox 997 567 1153 644; x_wconf 81' lang='lat' dir='ltr'>abbates,</span> <span class='ocrx_word' id='word_1_10' title='bbox 1173 565 1319 648; x_wconf 79' lang='lat' dir='ltr'>priores,</span> 
     </span>
     <span class='ocr_line' id='line_1_3' title="bbox 371 666 1320 752; baseline -0.006 -20"><span class='ocrx_word' id='word_1_11' title='bbox 371 669 490 733; x_wconf 89' lang='lat' dir='ltr'>etalii</span> <span class='ocrx_word' id='word_1_12' title='bbox 522 669 622 733; x_wconf 88' lang='lat' dir='ltr'>multi</span> <span class='ocrx_word' id='word_1_13' title='bbox 652 669 695 733; x_wconf 92' lang='lat' dir='ltr'>de</span> <span class='ocrx_word' id='word_1_14' title='bbox 728 689 836 752; x_wconf 84' lang='lat' dir='ltr'>regno</span> <span class='ocrx_word' id='word_1_15' title='bbox 867 669 1079 733; x_wconf 82' lang='lat' dir='ltr'><strong>Francorum</strong></span> <span class='ocrx_word' id='word_1_16' title='bbox 1103 666 1320 747; x_wconf 89' lang='lat' dir='ltr'>aliarumque</span> 
     </span>
     <span class='ocr_line' id='line_1_4' title="bbox 371 767 1319 852; baseline -0.004 -21"><span class='ocrx_word' id='word_1_17' title='bbox 371 767 584 833; x_wconf 88' lang='lat' dir='ltr'>diversarum</span> <span class='ocrx_word' id='word_1_18' title='bbox 607 769 798 852; x_wconf 79' lang='lat' dir='ltr'>regionum,</span> <span class='ocrx_word' id='word_1_19' title='bbox 825 770 885 852; x_wconf 90' lang='lat' dir='ltr'>qui</span> <span class='ocrx_word' id='word_1_20' title='bbox 909 770 953 833; x_wconf 91' lang='lat' dir='ltr'>ob</span> <span class='ocrx_word' id='word_1_21' title='bbox 979 769 1144 832; x_wconf 86' lang='lat' dir='ltr'>honorem</span> <span class='ocrx_word' id='word_1_22' title='bbox 1160 773 1204 836; x_wconf 64' lang='lat' dir='ltr'>„et</span> <span class='ocrx_word' id='word_1_23' title='bbox 1220 784 1319 829; x_wconf 88' lang='lat' dir='ltr'>reve·</span> 
     </span>
     <span class='ocr_line' id='line_1_5' title="bbox 371 865 1320 953; baseline -0.003 -23"><span class='ocrx_word' id='word_1_24' title='bbox 371 868 515 932; x_wconf 88' lang='lat' dir='ltr'>rentiam</span> <span class='ocrx_word' id='word_1_25' title='bbox 536 868 630 934; x_wconf 91' lang='lat' dir='ltr'>beati</span> <span class='ocrx_word' id='word_1_26' title='bbox 645 870 819 953; x_wconf 86' lang='lat' dir='ltr'>martyris,</span> <span class='ocrx_word' id='word_1_27' title='bbox 838 877 877 934; x_wconf 93' lang='lat' dir='ltr'>ut</span> <span class='ocrx_word' id='word_1_28' title='bbox 893 875 1001 933; x_wconf 84' lang='lat' dir='ltr'>tantae</span> <span class='ocrx_word' id='word_1_29' title='bbox 1018 868 1179 932; x_wconf 81' lang='lat' dir='ltr'>adessent</span> <span class='ocrx_word' id='word_1_30' title='bbox 1194 865 1320 930; x_wconf 89' lang='lat' dir='ltr'>solem-</span> 
     </span>
     <span class='ocr_line' id='line_1_6' title="bbox 371 965 1319 1050; baseline -0.004 -20"><span class='ocrx_word' id='word_1_31' title='bbox 371 968 486 1046; x_wconf 83' lang='lat' dir='ltr'><strong>nitati,</strong></span> <span class='ocrx_word' id='word_1_32' title='bbox 510 969 672 1034; x_wconf 80' lang='lat' dir='ltr'>alacriter</span> <span class='ocrx_word' id='word_1_33' title='bbox 697 977 951 1048; x_wconf 84' lang='lat' dir='ltr'>convenerunt3</span> <span class='ocrx_word' id='word_1_34' title='bbox 974 987 1054 1032; x_wconf 88' lang='lat' dir='ltr'>nam</span> <span class='ocrx_word' id='word_1_35' title='bbox 1078 965 1319 1050; x_wconf 80' lang='lat' dir='ltr'>dignissimum</span> 
     </span>
     <span class='ocr_line' id='line_1_7' title="bbox 371 1063 1320 1150; baseline -0.005 -20"><span class='ocrx_word' id='word_1_36' title='bbox 371 1069 528 1132; x_wconf 90' lang='lat' dir='ltr'>omnibus</span> <span class='ocrx_word' id='word_1_37' title='bbox 545 1069 739 1146; x_wconf 88' lang='lat' dir='ltr'>videbatur,</span> <span class='ocrx_word' id='word_1_38' title='bbox 756 1076 796 1133; x_wconf 88' lang='lat' dir='ltr'>ut</span> <span class='ocrx_word' id='word_1_39' title='bbox 808 1077 967 1134; x_wconf 89' lang='lat' dir='ltr'>sanctum</span> <span class='ocrx_word' id='word_1_40' title='bbox 983 1074 1170 1150; x_wconf 85' lang='lat' dir='ltr'>martyrem</span> <span class='ocrx_word' id='word_1_41' title='bbox 1187 1063 1320 1130; x_wconf 88' lang='lat' dir='ltr'>Christi</span> 
     </span>
     <span class='ocr_line' id='line_1_8' title="bbox 370 1165 1319 1249; baseline -0.002 -19"><span class='ocrx_word' id='word_1_42' title='bbox 370 1167 578 1248; x_wconf 81' lang='lat' dir='ltr'>generaliter</span> <span class='ocrx_word' id='word_1_43' title='bbox 602 1168 811 1233; x_wconf 88' lang='lat' dir='ltr'>honorarent</span> <span class='ocrx_word' id='word_1_44' title='bbox 830 1176 865 1233; x_wconf 93' lang='lat' dir='ltr'>et</span> <span class='ocrx_word' id='word_1_45' title='bbox 888 1169 1053 1246; x_wconf 90' lang='lat' dir='ltr'>colerent,</span> <span class='ocrx_word' id='word_1_46' title='bbox 1075 1166 1134 1249; x_wconf 90' lang='lat' dir='ltr'>qui</span> <span class='ocrx_word' id='word_1_47' title='bbox 1155 1185 1219 1248; x_wconf 92' lang='lat' dir='ltr'>pro</span> <span class='ocrx_word' id='word_1_48' title='bbox 1242 1165 1319 1228; x_wconf 90' lang='lat' dir='ltr'>uni·</span> 
     </span>
     <span class='ocr_line' id='line_1_9' title="bbox 370 1263 1317 1348; baseline -0.002 -20"><span class='ocrx_word' id='word_1_49' title='bbox 370 1267 495 1331; x_wconf 88' lang='lat' dir='ltr'>versali</span> <span class='ocrx_word' id='word_1_50' title='bbox 524 1267 670 1332; x_wconf 90' lang='lat' dir='ltr'>ecclesia</span> <span class='ocrx_word' id='word_1_51' title='bbox 698 1269 901 1348; x_wconf 79' lang='lat' dir='ltr'>sanguinem</span> <span class='ocrx_word' id='word_1_52' title='bbox 927 1287 1028 1333; x_wconf 90' lang='lat' dir='ltr'>suum</span> <span class='ocrx_word' id='word_1_53' title='bbox 1049 1265 1192 1330; x_wconf 87' lang='lat' dir='ltr'>fundere</span> <span class='ocrx_word' id='word_1_54' title='bbox 1213 1272 1250 1329; x_wconf 89' lang='lat' dir='ltr'>et</span> <span class='ocrx_word' id='word_1_55' title='bbox 1272 1263 1317 1327; x_wconf 93' lang='lat' dir='ltr'>ad</span> 
     </span>
     <span class='ocr_line' id='line_1_10' title="bbox 370 1365 1202 1450; baseline 0.001 -22"><span class='ocrx_word' id='word_1_56' title='bbox 370 1365 470 1430; x_wconf 87' lang='lat' dir='ltr'>finem</span> <span class='ocrx_word' id='word_1_57' title='bbox 498 1386 608 1450; x_wconf 91' lang='lat' dir='ltr'>usque</span> <span class='ocrx_word' id='word_1_58' title='bbox 628 1388 698 1432; x_wconf 91' lang='lat' dir='ltr'>non</span> <span class='ocrx_word' id='word_1_59' title='bbox 718 1369 833 1432; x_wconf 88' lang='lat' dir='ltr'>timuit</span> <span class='ocrx_word' id='word_1_60' title='bbox 849 1368 995 1432; x_wconf 88' lang='lat' dir='ltr'>fideliter</span> <span class='ocrx_word' id='word_1_61' title='bbox 1015 1368 1202 1432; x_wconf 87' lang='lat' dir='ltr'>decertare.</span> 
     </span>
    </p>
   </div>
   <div class='ocr_carea' id='block_1_3' title="bbox 208 1538 1317 1832">
    <p class='ocr_par' dir='ltr' id='par_1_3' title="bbox 208 1538 1317 1832">
     <span class='ocr_line' id='line_1_11' title="bbox 442 1538 1237 1628; baseline -0.001 -23"><span class='ocrx_word' id='word_1_62' title='bbox 442 1540 491 1606; x_wconf 80' lang='lat' dir='ltr'>Da</span> <span class='ocrx_word' id='word_1_63' title='bbox 506 1541 655 1609; x_wconf 63' lang='lat' dir='ltr'>obsidam</span> <span class='ocrx_word' id='word_1_64' title='bbox 672 1545 768 1609; x_wconf 79' lang='lat' dir='ltr'>austri</span> <span class='ocrx_word' id='word_1_65' title='bbox 785 1543 822 1608; x_wconf 80' lang='lat' dir='ltr'>do</span> <span class='ocrx_word' id='word_1_66' title='bbox 837 1543 954 1608; x_wconf 79' lang='lat' dir='ltr'>Bidom</span> <span class='ocrx_word' id='word_1_67' title='bbox 969 1552 997 1608; x_wconf 80' lang='lat' dir='ltr'>et</span> <span class='ocrx_word' id='word_1_68' title='bbox 1004 1538 1237 1628; x_wconf 72' lang='lat' dir='ltr'>perturbatione</span> 
     </span>
     <span class='ocr_line' id='line_1_12' title="bbox 795 1645 892 1730; baseline -0.01 -23"><span class='ocrx_word' id='word_1_69' title='bbox 795 1645 892 1730; x_wconf 71' lang='lat' dir='ltr'>rapui.</span> 
     </span>
     <span class='ocr_line' id='line_1_13' title="bbox 208 1762 1317 1832; baseline -0.005 -1"><span class='ocrx_word' id='word_1_70' title='bbox 208 1776 332 1815; x_wconf 70' lang='lat' dir='ltr'><strong>A·⁰·¹²2¹·</strong></span> <span class='ocrx_word' id='word_1_71' title='bbox 420 1764 525 1831; x_wconf 86' lang='lat' dir='ltr'>Anno</span> <span class='ocrx_word' id='word_1_72' title='bbox 544 1766 684 1832; x_wconf 91' lang='lat' dir='ltr'>Domini</span> <span class='ocrx_word' id='word_1_73' title='bbox 710 1784 869 1832; x_wconf 84' lang='lat' dir='ltr'>ucoxxl.</span> <span class='ocrx_word' id='word_1_74' title='bbox 895 1787 959 1830; x_wconf 89' lang='lat' dir='ltr'>rex</span> <span class='ocrx_word' id='word_1_75' title='bbox 983 1766 1158 1831; x_wconf 92' lang='lat' dir='ltr'>Henricus</span> <span class='ocrx_word' id='word_1_76' title='bbox 1183 1762 1226 1827; x_wconf 95' lang='lat' dir='ltr'>ad</span> <span class='ocrx_word' id='word_1_77' title='bbox 1255 1782 1317 1826; x_wconf 89' lang='lat' dir='ltr'>na·-</span> 
     </span>
    </p>
   </div>
   <div class='ocr_carea' id='block_1_4' title="bbox 208 1827 1318 1950">
    <p class='ocr_par' dir='ltr' id='par_1_4' title="bbox 208 1827 1318 1950">
     <span class='ocr_line' id='line_1_14' title="bbox 208 1827 1318 1950; baseline -0.002 -22"><span class='ocrx_word' id='word_1_78' title='bbox 208 1827 302 1916; x_wconf 52' lang='lat' dir='ltr'>{affl</span> <span class='ocrx_word' id='word_1_79' title='bbox 370 1865 441 1930; x_wconf 88' lang='lat' dir='ltr'>tale</span> <span class='ocrx_word' id='word_1_80' title='bbox 458 1867 599 1931; x_wconf 91' lang='lat' dir='ltr'>Domini</span> <span class='ocrx_word' id='word_1_81' title='bbox 622 1867 713 1950; x_wconf 90' lang='lat' dir='ltr'>apud</span> <span class='ocrx_word' id='word_1_82' title='bbox 733 1865 907 1931; x_wconf 87' lang='lat' dir='ltr'>Oxoniam</span> <span class='ocrx_word' id='word_1_83' title='bbox 927 1867 1039 1931; x_wconf 91' lang='lat' dir='ltr'>tenuit</span> <span class='ocrx_word' id='word_1_84' title='bbox 1056 1866 1187 1930; x_wconf 91' lang='lat' dir='ltr'>curiam</span> <span class='ocrx_word' id='word_1_85' title='bbox 1205 1881 1318 1937; x_wconf 88' lang='lat' dir='ltr'>suam,</span> 
     </span>
    </p>
   </div>
   <div class='ocr_carea' id='block_1_5' title="bbox 208 1927 1319 4030">
    <p class='ocr_par' dir='ltr' id='par_1_5' title="bbox 208 1927 1319 4030">
     <span class='ocr_line' id='line_1_15' title="bbox 208 1927 1317 2048; baseline -0.004 -20"><span class='ocrx_word' id='word_1_86' title='bbox 208 1927 279 1966; x_wconf 52' lang='lat' dir='ltr'><strong><em>m</em></strong></span> <span class='ocrx_word' id='word_1_87' title='bbox 369 1967 596 2048; x_wconf 66' lang='lat' dir='ltr'>praesentibus</span> <span class='ocrx_word' id='word_1_88' title='bbox 623 1968 805 2045; x_wconf 84' lang='lat' dir='ltr'>comitibus</span> <span class='ocrx_word' id='word_1_89' title='bbox 831 1974 867 2030; x_wconf 89' lang='lat' dir='ltr'>et</span> <span class='ocrx_word' id='word_1_90' title='bbox 888 1967 1075 2031; x_wconf 87' lang='lat' dir='ltr'>baronibus</span> <span class='ocrx_word' id='word_1_91' title='bbox 1104 1964 1199 2047; x_wconf 87' lang='lat' dir='ltr'>regni</span> <span class='ocrx_word' id='word_1_92' title='bbox 1213 1965 1225 2041; x_wconf 70' lang='grc'>4;</span> <span class='ocrx_word' id='word_1_93' title='bbox 1258 1963 1317 2026; x_wconf 89' lang='lat' dir='ltr'>ubi</span> 
     </span>
     <span class='ocr_line' id='line_1_16' title="bbox 369 2063 1318 2149; baseline -0.004 -20"><span class='ocrx_word' id='word_1_94' title='bbox 369 2067 474 2148; x_wconf 82' lang='lat' dir='ltr'>regiis</span> <span class='ocrx_word' id='word_1_95' title='bbox 499 2066 674 2149; x_wconf 90' lang='lat' dir='ltr'>obsequiis</span> <span class='ocrx_word' id='word_1_96' title='bbox 700 2087 778 2131; x_wconf 92' lang='lat' dir='ltr'>cum</span> <span class='ocrx_word' id='word_1_97' title='bbox 806 2067 930 2130; x_wconf 86' lang='lat' dir='ltr'>laetitia</span> <span class='ocrx_word' id='word_1_98' title='bbox 953 2074 989 2129; x_wconf 92' lang='lat' dir='ltr'>et</span> <span class='ocrx_word' id='word_1_99' title='bbox 1012 2085 1097 2148; x_wconf 90' lang='lat' dir='ltr'>pace</span> <span class='ocrx_word' id='word_1_100' title='bbox 1118 2063 1318 2138; x_wconf 82' lang='lat' dir='ltr'>transactis,</span> 
     </span>
     <span class='ocr_line' id='line_1_17' title="bbox 369 2162 1317 2250; baseline -0.003 -22"><span class='ocrx_word' id='word_1_101' title='bbox 369 2165 516 2248; x_wconf 87' lang='lat' dir='ltr'>singulis</span> <span class='ocrx_word' id='word_1_102' title='bbox 538 2166 631 2249; x_wconf 91' lang='lat' dir='ltr'>quod</span> <span class='ocrx_word' id='word_1_103' title='bbox 653 2168 789 2250; x_wconf 91' lang='lat' dir='ltr'>justum</span> <span class='ocrx_word' id='word_1_104' title='bbox 814 2172 901 2243; x_wconf 89' lang='lat' dir='ltr'>erat,</span> <span class='ocrx_word' id='word_1_105' title='bbox 926 2166 1114 2230; x_wconf 91' lang='lat' dir='ltr'>secundum</span> <span class='ocrx_word' id='word_1_106' title='bbox 1137 2162 1317 2245; x_wconf 88' lang='lat' dir='ltr'>antiquam</span> 
     </span>
     <span class='ocr_line' id='line_1_18' title="bbox 369 2250 1319 2347; baseline -0.002 -19"><span class='ocrx_word' id='word_1_107' title='bbox 369 2267 468 2347; x_wconf 82' lang='lat' dir='ltr'>regni</span> <span class='ocrx_word' id='word_1_108' title='bbox 487 2267 782 2342; x_wconf 88' lang='lat' dir='ltr'>consuetudinem,</span> <span class='ocrx_word' id='word_1_109' title='bbox 799 2265 975 2330; x_wconf 89' lang='lat' dir='ltr'>distribuit</span> <span class='ocrx_word' id='word_1_110' title='bbox 992 2265 1183 2330; x_wconf 79' lang='lat' dir='ltr'>affluenter.</span> <span class='ocrx_word' id='word_1_111' title='bbox 1226 2250 1319 2327; x_wconf 87' lang='lat' dir='ltr'>Wil&#39;-</span> 
     </span>
     <span class='ocr_line' id='line_1_19' title="bbox 369 2359 1319 2448; baseline -0.001 -21"><span class='ocrx_word' id='word_1_112' title='bbox 369 2365 492 2429; x_wconf 89' lang='lat' dir='ltr'>lelmus</span> <span class='ocrx_word' id='word_1_113' title='bbox 518 2384 656 2448; x_wconf 92' lang='lat' dir='ltr'>quoque</span> <span class='ocrx_word' id='word_1_114' title='bbox 683 2366 725 2430; x_wconf 90' lang='lat' dir='ltr'>de</span> <span class='ocrx_word' id='word_1_115' title='bbox 756 2359 889 2441; x_wconf 85' lang='lat' dir='ltr'>¹Foret,</span> <span class='ocrx_word' id='word_1_116' title='bbox 916 2366 1036 2430; x_wconf 89' lang='lat' dir='ltr'>volens</span> <span class='ocrx_word' id='word_1_117' title='bbox 1068 2385 1188 2448; x_wconf 88' lang='lat' dir='ltr'>pacem</span> <span class='ocrx_word' id='word_1_118' title='bbox 1217 2364 1319 2444; x_wconf 84' lang='lat' dir='ltr'>regni</span> 
     </span>
     <span class='ocr_line' id='line_1_20' title="bbox 370 2464 1317 2547; baseline -0.001 -19"><span class='ocrx_word' id='word_1_119' title='bbox 370 2466 521 2542; x_wconf 88' lang='lat' dir='ltr'>turbare,</span> <span class='ocrx_word' id='word_1_120' title='bbox 540 2467 696 2547; x_wconf 87' lang='lat' dir='ltr'>sequenti</span> <span class='ocrx_word' id='word_1_121' title='bbox 719 2473 820 2530; x_wconf 91' lang='lat' dir='ltr'>nocte</span> <span class='ocrx_word' id='word_1_122' title='bbox 841 2485 913 2530; x_wconf 91' lang='lat' dir='ltr'>non</span> <span class='ocrx_word' id='word_1_123' title='bbox 933 2466 1130 2531; x_wconf 88' lang='lat' dir='ltr'>licentiatus</span> <span class='ocrx_word' id='word_1_124' title='bbox 1154 2464 1317 2528; x_wconf 85' lang='lat' dir='ltr'>recedens</span> 
     </span>
     <span class='ocr_line' id='line_1_21' title="bbox 370 2560 1317 2646; baseline -0.001 -19"><span class='ocrx_word' id='word_1_125' title='bbox 370 2564 414 2628; x_wconf 92' lang='lat' dir='ltr'>ad</span> <span class='ocrx_word' id='word_1_126' title='bbox 443 2564 623 2629; x_wconf 87' lang='lat' dir='ltr'>castellum</span> <span class='ocrx_word' id='word_1_127' title='bbox 649 2565 692 2630; x_wconf 94' lang='lat' dir='ltr'>de</span> <span class='ocrx_word' id='word_1_128' title='bbox 719 2560 863 2629; x_wconf 84' lang='lat' dir='ltr'>²Biham</span> <span class='ocrx_word' id='word_1_129' title='bbox 891 2585 969 2629; x_wconf 91' lang='lat' dir='ltr'>cum</span> <span class='ocrx_word' id='word_1_130' title='bbox 993 2565 1213 2630; x_wconf 89' lang='lat' dir='ltr'>festinatione</span> <span class='ocrx_word' id='word_1_131' title='bbox 1240 2583 1317 2646; x_wconf 85' lang='lat' dir='ltr'>per-</span> 
     </span>
     <span class='ocr_line' id='line_1_22' title="bbox 370 2665 1317 2748; baseline 0.001 -20"><span class='ocrx_word' id='word_1_132' title='bbox 370 2665 474 2740; x_wconf 86' lang='lat' dir='ltr'>rexit,</span> <span class='ocrx_word' id='word_1_133' title='bbox 489 2665 547 2728; x_wconf 91' lang='lat' dir='ltr'>ubi</span> <span class='ocrx_word' id='word_1_134' title='bbox 569 2672 648 2748; x_wconf 89' lang='lat' dir='ltr'>post</span> <span class='ocrx_word' id='word_1_135' title='bbox 664 2666 737 2731; x_wconf 88' lang='lat' dir='ltr'>dies</span> <span class='ocrx_word' id='word_1_136' title='bbox 765 2685 907 2748; x_wconf 88' lang='lat' dir='ltr'>paucos,</span> <span class='ocrx_word' id='word_1_137' title='bbox 928 2665 1083 2730; x_wconf 85' lang='lat' dir='ltr'>collectis</span> <span class='ocrx_word' id='word_1_138' title='bbox 1100 2665 1184 2730; x_wconf 88' lang='lat' dir='ltr'>viris</span> <span class='ocrx_word' id='word_1_139' title='bbox 1205 2683 1317 2729; x_wconf 87' lang='lat' dir='ltr'>arma-</span> 
     </span>
     <span class='ocr_line' id='line_1_23' title="bbox 370 2763 1318 2841; baseline 0.002 -15"><span class='ocrx_word' id='word_1_140' title='bbox 370 2764 428 2841; x_wconf 88' lang='lat' dir='ltr'>tis,</span> <span class='ocrx_word' id='word_1_141' title='bbox 448 2763 492 2828; x_wconf 91' lang='lat' dir='ltr'>ad</span> <span class='ocrx_word' id='word_1_142' title='bbox 509 2764 628 2829; x_wconf 85' lang='lat' dir='ltr'>villam</span> <span class='ocrx_word' id='word_1_143' title='bbox 654 2766 696 2830; x_wconf 89' lang='lat' dir='ltr'>de</span> <span class='ocrx_word' id='word_1_144' title='bbox 712 2766 868 2830; x_wconf 85' lang='lat' dir='ltr'>Tenham</span> <span class='ocrx_word' id='word_1_145' title='bbox 893 2765 1066 2830; x_wconf 87' lang='lat' dir='ltr'>hostiliter</span> <span class='ocrx_word' id='word_1_146' title='bbox 1086 2764 1253 2829; x_wconf 78' lang='lat' dir='ltr'>accedam</span> <span class='ocrx_word' id='word_1_147' title='bbox 1275 2764 1318 2828; x_wconf 86' lang='lat' dir='ltr'>il·</span> 
     </span>
     <span class='ocr_line' id='line_1_24' title="bbox 370 2863 1318 2946; baseline 0.003 -21"><span class='ocrx_word' id='word_1_148' title='bbox 370 2863 439 2926; x_wconf 89' lang='lat' dir='ltr'>lam</span> <span class='ocrx_word' id='word_1_149' title='bbox 456 2864 619 2946; x_wconf 90' lang='lat' dir='ltr'>spoliavit</span> <span class='ocrx_word' id='word_1_150' title='bbox 645 2873 681 2930; x_wconf 87' lang='lat' dir='ltr'>et</span> <span class='ocrx_word' id='word_1_151' title='bbox 707 2866 848 2930; x_wconf 91' lang='lat' dir='ltr'>bladum</span> <span class='ocrx_word' id='word_1_152' title='bbox 876 2867 1120 2930; x_wconf 89' lang='lat' dir='ltr'>canonicorum</span> <span class='ocrx_word' id='word_1_153' title='bbox 1145 2865 1189 2928; x_wconf 89' lang='lat' dir='ltr'>de</span> <span class='ocrx_word' id='word_1_154' title='bbox 1215 2864 1318 2928; x_wconf 84' lang='lat' dir='ltr'>Brid-</span> 
     </span>
     <span class='ocr_line' id='line_1_25' title="bbox 355 2962 1316 3054; baseline 0.004 -30"><span class='ocrx_word' id='word_1_155' title='bbox 355 2962 503 3054; x_wconf 91' lang='lat' dir='ltr'>lintona</span> <span class='ocrx_word' id='word_1_156' title='bbox 527 2964 570 3028; x_wconf 90' lang='lat' dir='ltr'>ad</span> <span class='ocrx_word' id='word_1_157' title='bbox 596 2965 777 3030; x_wconf 89' lang='lat' dir='ltr'>castellum</span> <span class='ocrx_word' id='word_1_158' title='bbox 800 2966 842 3030; x_wconf 91' lang='lat' dir='ltr'>de</span> <span class='ocrx_word' id='word_1_159' title='bbox 867 2966 993 3030; x_wconf 90' lang='lat' dir='ltr'>Biham</span> <span class='ocrx_word' id='word_1_160' title='bbox 1015 2965 1188 3049; x_wconf 88' lang='lat' dir='ltr'>asportari</span> <span class='ocrx_word' id='word_1_161' title='bbox 1208 2963 1316 3042; x_wconf 78' lang='lat' dir='ltr'>fecit3</span> 
     </span>
     <span class='ocr_line' id='line_1_26' title="bbox 369 3063 1316 3148; baseline 0.001 -21"><span class='ocrx_word' id='word_1_162' title='bbox 369 3063 487 3128; x_wconf 89' lang='lat' dir='ltr'>villam</span> <span class='ocrx_word' id='word_1_163' title='bbox 521 3065 626 3128; x_wconf 88' lang='lat' dir='ltr'>etiam</span> <span class='ocrx_word' id='word_1_164' title='bbox 666 3065 709 3130; x_wconf 91' lang='lat' dir='ltr'>de</span> <span class='ocrx_word' id='word_1_165' title='bbox 745 3065 906 3148; x_wconf 84' lang='lat' dir='ltr'>Depinge</span> <span class='ocrx_word' id='word_1_166' title='bbox 933 3086 1011 3131; x_wconf 92' lang='lat' dir='ltr'>cum</span> <span class='ocrx_word' id='word_1_167' title='bbox 1048 3066 1126 3130; x_wconf 84' lang='lat' dir='ltr'>aliis</span> <span class='ocrx_word' id='word_1_168' title='bbox 1162 3065 1316 3148; x_wconf 88' lang='lat' dir='ltr'>ejusdem</span> 
     </span>
     <span class='ocr_line' id='line_1_27' title="bbox 368 3164 1317 3248; baseline 0.003 -22"><span class='ocrx_word' id='word_1_169' title='bbox 368 3165 555 3245; x_wconf 82' lang='lat' dir='ltr'>provinciae</span> <span class='ocrx_word' id='word_1_170' title='bbox 573 3164 666 3230; x_wconf 82' lang='lat' dir='ltr'>villis</span> <span class='ocrx_word' id='word_1_171' title='bbox 692 3165 868 3248; x_wconf 87' lang='lat' dir='ltr'>spoliavit,</span> <span class='ocrx_word' id='word_1_172' title='bbox 893 3166 1047 3231; x_wconf 86' lang='lat' dir='ltr'>homines</span> <span class='ocrx_word' id='word_1_173' title='bbox 1071 3164 1163 3248; x_wconf 86' lang='lat' dir='ltr'>oepit</span> <span class='ocrx_word' id='word_1_174' title='bbox 1183 3171 1317 3247; x_wconf 87' lang='lat' dir='ltr'>etpost</span> 
     </span>
     <span class='ocr_line' id='line_1_28' title="bbox 369 3264 1318 3348; baseline 0 -20"><span class='ocrx_word' id='word_1_175' title='bbox 369 3264 610 3345; x_wconf 86' lang='lat' dir='ltr'>gravissimum</span> <span class='ocrx_word' id='word_1_176' title='bbox 630 3267 858 3330; x_wconf 90' lang='lat' dir='ltr'>membrorum</span> <span class='ocrx_word' id='word_1_177' title='bbox 880 3268 1070 3332; x_wconf 89' lang='lat' dir='ltr'>cruciatum</span> <span class='ocrx_word' id='word_1_178' title='bbox 1096 3265 1139 3330; x_wconf 91' lang='lat' dir='ltr'>ad</span> <span class='ocrx_word' id='word_1_179' title='bbox 1163 3264 1318 3348; x_wconf 89' lang='lat' dir='ltr'>redemp-</span> 
     </span>
     <span class='ocr_line' id='line_1_29' title="bbox 370 3364 1317 3446; baseline 0.002 -21"><span class='ocrx_word' id='word_1_180' title='bbox 370 3364 497 3428; x_wconf 90' lang='lat' dir='ltr'>tionem</span> <span class='ocrx_word' id='word_1_181' title='bbox 537 3365 662 3446; x_wconf 86' lang='lat' dir='ltr'>coegit.</span> <span class='ocrx_word' id='word_1_182' title='bbox 725 3364 862 3430; x_wconf 87' lang='lat' dir='ltr'>Habuit</span> <span class='ocrx_word' id='word_1_183' title='bbox 895 3374 1023 3443; x_wconf 90' lang='lat' dir='ltr'>autem,</span> <span class='ocrx_word' id='word_1_184' title='bbox 1059 3373 1097 3430; x_wconf 90' lang='lat' dir='ltr'>ut</span> <span class='ocrx_word' id='word_1_185' title='bbox 1127 3365 1317 3441; x_wconf 83' lang='lat' dir='ltr'>dicebatur,</span> 
     </span>
     <span class='ocr_line' id='line_1_30' title="bbox 370 3461 1316 3547; baseline 0.004 -24"><span class='ocrx_word' id='word_1_186' title='bbox 370 3461 473 3545; x_wconf 85' lang='lat' dir='ltr'>hujus</span> <span class='ocrx_word' id='word_1_187' title='bbox 508 3463 670 3528; x_wconf 87' lang='lat' dir='ltr'>factionis</span> <span class='ocrx_word' id='word_1_188' title='bbox 707 3465 902 3530; x_wconf 87' lang='lat' dir='ltr'>incentores</span> <span class='ocrx_word' id='word_1_189' title='bbox 938 3466 1146 3542; x_wconf 78' lang='lat' dir='ltr'>Falsasium,</span> <span class='ocrx_word' id='word_1_190' title='bbox 1181 3464 1316 3547; x_wconf 89' lang='lat' dir='ltr'>Philip-</span> 
     </span>
     <span class='ocr_line' id='line_1_31' title="bbox 369 3561 1316 3647; baseline 0.004 -24"><span class='ocrx_word' id='word_1_191' title='bbox 369 3580 452 3643; x_wconf 91' lang='lat' dir='ltr'>pum</span> <span class='ocrx_word' id='word_1_192' title='bbox 477 3561 589 3638; x_wconf 86' lang='lat' dir='ltr'>Marc,</span> <span class='ocrx_word' id='word_1_193' title='bbox 613 3561 757 3626; x_wconf 91' lang='lat' dir='ltr'>Petrum</span> <span class='ocrx_word' id='word_1_194' title='bbox 777 3564 820 3628; x_wconf 87' lang='lat' dir='ltr'>dc</span> <span class='ocrx_word' id='word_1_195' title='bbox 839 3565 1062 3642; x_wconf 87' lang='lat' dir='ltr'>Malo-leone,</span> <span class='ocrx_word' id='word_1_196' title='bbox 1082 3563 1316 3647; x_wconf 87' lang='lat' dir='ltr'>Engelardum</span> 
     </span>
     <span class='ocr_line' id='line_1_32' title="bbox 369 3654 1317 3747; baseline 0.005 -25"><span class='ocrx_word' id='word_1_197' title='bbox 369 3659 413 3724; x_wconf 92' lang='lat' dir='ltr'>de</span> <span class='ocrx_word' id='word_1_198' title='bbox 431 3659 548 3738; x_wconf 89' lang='lat' dir='ltr'>Athie,</span> <span class='ocrx_word' id='word_1_199' title='bbox 571 3669 606 3726; x_wconf 91' lang='lat' dir='ltr'>et</span> <span class='ocrx_word' id='word_1_200' title='bbox 624 3661 710 3726; x_wconf 88' lang='lat' dir='ltr'>alios</span> <span class='ocrx_word' id='word_1_201' title='bbox 736 3664 876 3743; x_wconf 91' lang='lat' dir='ltr'>multos,</span> <span class='ocrx_word' id='word_1_202' title='bbox 899 3667 959 3747; x_wconf 93' lang='lat' dir='ltr'>qui</span> <span class='ocrx_word' id='word_1_203' title='bbox 982 3666 1072 3730; x_wconf 90' lang='lat' dir='ltr'>clam</span> <span class='ocrx_word' id='word_1_204' title='bbox 1095 3654 1263 3729; x_wconf 84' lang='lat' dir='ltr'>miseruut</span> <span class='ocrx_word' id='word_1_205' title='bbox 1284 3665 1317 3728; x_wconf 95' lang='lat' dir='ltr'>ei</span> 
     </span>
     <span class='ocr_line' id='line_1_33' title="bbox 369 3760 1318 3853; baseline 0.004 -30"><span class='ocrx_word' id='word_1_206' title='bbox 369 3760 463 3823; x_wconf 89' lang='lat' dir='ltr'>viros</span> <span class='ocrx_word' id='word_1_207' title='bbox 489 3768 653 3838; x_wconf 90' lang='lat' dir='ltr'>armatos,</span> <span class='ocrx_word' id='word_1_208' title='bbox 674 3768 715 3825; x_wconf 93' lang='lat' dir='ltr'>ut</span> <span class='ocrx_word' id='word_1_209' title='bbox 740 3783 858 3846; x_wconf 87' lang='lat' dir='ltr'>pacem</span> <span class='ocrx_word' id='word_1_210' title='bbox 877 3766 977 3848; x_wconf 87' lang='lat' dir='ltr'>regni</span> <span class='ocrx_word' id='word_1_211' title='bbox 998 3767 1165 3829; x_wconf 89' lang='lat' dir='ltr'>turbaret.</span> <span class='ocrx_word' id='word_1_212' title='bbox 1216 3763 1318 3853; x_wconf 76' lang='lat' dir='ltr'>lnter</span> 
     </span>
     <span class='ocr_line' id='line_1_34' title="bbox 369 3859 1316 3947; baseline 0.008 -26"><span class='ocrx_word' id='word_1_213' title='bbox 369 3859 444 3924; x_wconf 87' lang='lat' dir='ltr'>haec</span> <span class='ocrx_word' id='word_1_214' title='bbox 465 3879 601 3944; x_wconf 89' lang='lat' dir='ltr'>quoque</span> <span class='ocrx_word' id='word_1_215' title='bbox 621 3861 775 3926; x_wconf 89' lang='lat' dir='ltr'>homines</span> <span class='ocrx_word' id='word_1_216' title='bbox 796 3865 947 3947; x_wconf 80' lang='lat' dir='ltr'>regionis</span> <span class='ocrx_word' id='word_1_217' title='bbox 968 3865 1061 3929; x_wconf 90' lang='lat' dir='ltr'>illius</span> <span class='ocrx_word' id='word_1_218' title='bbox 1087 3864 1131 3929; x_wconf 87' lang='lat' dir='ltr'>ad</span> <span class='ocrx_word' id='word_1_219' title='bbox 1152 3863 1316 3929; x_wconf 89' lang='lat' dir='ltr'>ecclesias</span> 
     </span>
     <span class='ocr_line' id='line_1_35' title="bbox 369 3959 1315 4030; baseline 0.005 -7"><span class='ocrx_word' id='word_1_220' title='bbox 369 3959 591 4024; x_wconf 90' lang='lat' dir='ltr'>convolantes</span> <span class='ocrx_word' id='word_1_221' title='bbox 616 3963 708 4026; x_wconf 90' lang='lat' dir='ltr'>bona</span> <span class='ocrx_word' id='word_1_222' title='bbox 734 3965 858 4027; x_wconf 88' lang='lat' dir='ltr'>suain</span> <span class='ocrx_word' id='word_1_223' title='bbox 885 3967 1082 4030; x_wconf 88' lang='lat' dir='ltr'>coemeteria</span> <span class='ocrx_word' id='word_1_224' title='bbox 1107 3965 1315 4029; x_wconf 86' lang='lat' dir='ltr'>detulerunt.</span> 
     </span>
    </p>
   </div>
   <div class='ocr_carea' id='block_1_6' title="bbox 368 4135 1268 4282">
    <p class='ocr_par' dir='ltr' id='par_1_6' title="bbox 368 4135 1268 4282">
     <span class='ocr_line' id='line_1_36' title="bbox 404 4135 1185 4202; baseline 0.009 -17"><span class='ocrx_word' id='word_1_225' title='bbox 404 4135 412 4166; x_wconf 91' lang='lat'>¹</span> <span class='ocrx_word' id='word_1_226' title='bbox 423 4137 518 4202; x_wconf 77' lang='lat' dir='ltr'>Feret]</span> <span class='ocrx_word' id='word_1_227' title='bbox 535 4135 609 4188; x_wconf 88' lang='lat' dir='ltr'>‘For&#39;</span> <span class='ocrx_word' id='word_1_228' title='bbox 620 4141 646 4188; x_wconf 93' lang='lat' dir='ltr'>in</span> <span class='ocrx_word' id='word_1_229' title='bbox 660 4141 705 4201; x_wconf 84' lang='lat' dir='ltr'>C.;</span> <span class='ocrx_word' id='word_1_230' title='bbox 717 4141 829 4190; x_wconf 84' lang='lat' dir='ltr'>william</span> <span class='ocrx_word' id='word_1_231' title='bbox 854 4143 932 4192; x_wconf 82' lang='lat' dir='ltr'>merle</span> <span class='ocrx_word' id='word_1_232' title='bbox 944 4144 1023 4192; x_wconf 84' lang='lat' dir='ltr'>above</span> <span class='ocrx_word' id='word_1_233' title='bbox 1034 4145 1185 4193; x_wconf 87' lang='lat' dir='ltr'>mentioned.</span> 
     </span>
     <span class='ocr_line' id='line_1_37' title="bbox 368 4207 1268 4282; baseline 0.01 -28"><span class='ocrx_word' id='word_1_234' title='bbox 368 4207 400 4254; x_wconf 86' lang='lat' dir='ltr'>de</span> <span class='ocrx_word' id='word_1_235' title='bbox 422 4208 547 4270; x_wconf 87' lang='lat' dir='ltr'>Fortibus,</span> <span class='ocrx_word' id='word_1_236' title='bbox 566 4209 608 4258; x_wconf 89' lang='lat' dir='ltr'>the</span> <span class='ocrx_word' id='word_1_237' title='bbox 631 4211 684 4260; x_wconf 87' lang='lat' dir='ltr'>earl</span> <span class='ocrx_word' id='word_1_238' title='bbox 704 4210 733 4259; x_wconf 84' lang='lat' dir='ltr'>oi</span> <span class='ocrx_word' id='word_1_239' title='bbox 750 4211 829 4260; x_wconf 86' lang='lat' dir='ltr'>Albe·</span> <span class='ocrx_word' id='word_1_240' title='bbox 889 4208 1029 4282; x_wconf 61' lang='grc' dir='ltr'>ςΒὶὶιαηις]</span> <span class='ocrx_word' id='word_1_241' title='bbox 1047 4214 1073 4262; x_wconf 94' lang='lat' dir='ltr'>in</span> <span class='ocrx_word' id='word_1_242' title='bbox 1086 4214 1268 4264; x_wconf 80' lang='lat' dir='ltr'>Lincolnshirc.</span> 
     </span>
    </p>
   </div>
   <div class='ocr_carea' id='block_1_7' title="bbox 0 0 1436 4866">
    <p class='ocr_par' dir='ltr' id='par_1_7' title="bbox 0 0 1436 4866">
     <span class='ocr_line' id='line_1_38' title="bbox 0 0 1436 4866; baseline 0 0"><span class='ocrx_word' id='word_1_243' title='bbox 0 0 1436 4866; x_wconf 95' lang='lat' dir='ltr'> </span> 
     </span>
    </p>
   </div>
  </div>
 </body>
</html>
