2864 4866
396 395 534 446 rnouns
557 397 826 449 rusromunuu.
1040 385 1085 450 43
1192 368 1194 370 ’

135 553 297 635 fitentur3
329 573 439 619 caecos
457 555 548 620 enim
565 556 791 637 illuminasse,
811 560 966 642 leprosos
983 581 1083 625 mun·
1096 575 1151 618 uo.
1161 577 1219 630 12¹⁸·

136 653 250 732 dasse,
273 662 309 719 et
330 664 486 720 mortuos
509 658 708 735 suscitasse,
732 667 913 740 astruunt3
941 662 1082 724 verbum
1096 628 1211 719 iiiiii.

137 773 274 837 quoque
294 773 336 819 ac
358 757 519 838 spiritum
536 757 604 821 Dei
618 758 690 823 vivi
708 759 753 822 ad
769 760 873 824 caelos
887 761 1084 825 ascendisse
1122 822 1124 826 .

137 873 205 918 non
220 854 429 920 discredunt.
482 855 597 934 Unde,
615 858 754 941 quando
770 866 926 944 tempore
942 867 1084 942 treuga-

137 974 213 1018 rum
244 955 419 1037 sapientes
448 976 566 1021 eorum
601 957 821 1023 Hierusalem
853 960 1086 1025 ascendebant
1138 977 1140 980 ⁴

140 1059 175 1118 et
192 1054 418 1137 postulabant
443 1057 509 1120 sibi
529 1051 681 1122 ¹codices
701 1060 958 1140 evangeliorum
985 1059 1084 1124 exhi-

138 1155 223 1232 beri,
246 1154 536 1220 deosculabantur
558 1176 618 1221 eos
638 1176 680 1222 ac
705 1159 922 1224 mirabantur
944 1166 1086 1242 propter

140 1253 227 1335 legis
243 1255 460 1334 munditiam,
483 1255 766 1339 quemchristus
787 1259 915 1337 docuit,
938 1266 974 1324 et
995 1279 1085 1342 prac-

140 1354 239 1437 cipue
253 1362 396 1437 propter
411 1357 628 1438 evangelium
645 1356 751 1422 Lucae
765 1363 775 1394 ‘
790 1358 921 1422 Missus
940 1366 994 1423 est
1011 1357 1085 1423 Ga·

141 1453 248 1533 briel,’
263 1455 356 1538 quod
378 1457 507 1538 saepius
525 1462 716 1521 retractant
731 1463 766 1522 et
784 1464 944 1540 repetunt
957 1458 1086 1522 literati

141 1573 270 1620 eorum.
323 1555 399 1620 Lex
417 1563 533 1620 autem
555 1556 706 1635 illorum,
728 1577 845 1640 quam,
862 1557 1001 1624 diabolo
1016 1557 1087 1621 dic·

141 1660 250 1731 tante,
288 1655 478 1720 ministerio
512 1655 624 1739 Sergii
659 1657 819 1721 monachi
850 1665 1020 1740 apostatae
1052 1664 1087 1722 et

141 1753 307 1832 baeretici,
319 1754 548 1845 Mahometus*
558 1754 708 1821 Arabica
725 1759 888 1840 scriptam
906 1757 1087 1821 Saracenis

142 1853 236 1919 dedit
266 1873 308 1918 ac
337 1854 467 1932 docuit,
495 1875 517 1919 a
548 1854 666 1938 gladio
693 1858 811 1939 coepit,
841 1876 904 1940 per
935 1857 1087 1938 gladium

143 1960 291 2030 tenetur,
312 1955 397 2018 etin
416 1955 533 2036 gladio
549 1956 765 2020 terminatur.
819 1956 892 2020 Iste
908 1955 1088 2020 Mahome·

144 2059 201 2118 tus
222 2054 407 2119 illiteratus
433 2054 511 2133 suit,
539 2056 725 2138 sicutipse
748 2057 784 2120 iu
801 2054 1000 2120 Alchorano
1025 2074 1088 2119 suo

145 2160 295 2219 testatur
310 2175 319 2234 3
343 2155 416 2236 qui,
434 2174 512 2236 quae
528 2156 801 2237 praenominatus
818 2155 1000 2219 hacreticus
1018 2155 1089 2218 dic·

145 2255 247 2331 tavit,
277 2255 351 2337 ipse
373 2255 589 2337 praedicavit,
612 2262 660 2333 et,
688 2256 771 2339 quia
799 2262 922 2338 potens
949 2262 1024 2319 erat
1055 2264 1091 2318 et

146 2352 302 2418 Arabum
317 2354 490 2437 princeps,
506 2374 568 2436 per
583 2355 866 2419 comminationes
881 2373 962 2420 suas
978 2356 1090 2436 legem

145 2453 269 2518 statuit
282 2454 470 2519 observari.
523 2455 740 2520 Luxuriosus
755 2462 870 2519 autem
885 2454 952 2519 fuit
970 2462 1007 2519 et
1020 2454 1093 2519 bel-

145 2554 286 2630 licosus,
308 2560 344 2616 et
359 2554 437 2618 ideo
456 2554 500 2617 de
522 2553 739 2619 immunditia
754 2574 795 2619 ac
812 2554 967 2619 vanitate
980 2555 1091 2636 legem

146 2653 252 2727 dedit,
270 2672 373 2735 quam
395 2654 580 2718 carnaliter
593 2655 749 2720 viventes
766 2655 803 2717 in
822 2662 955 2737 partem
974 2655 1092 2736 volup

147 2755 230 2817 tatis
249 2754 434 2819 observant
447 2773 457 2832 ;
485 2761 521 2818 et
538 2754 628 2818 sicut
643 2755 756 2837 legem
771 2753 901 2818 Christi
915 2755 1044 2819 veritas
1058 2760 1093 2818 et

147 2853 315 2917 munditia
324 2854 554 2932 muniunt‚ita
563 2874 711 2919 errorem
722 2855 876 2938 ipsorum
886 2854 988 2918 timor
998 2874 1093 2917 muu-

149 2952 259 3017 danus
276 2960 311 3018 et
320 2954 492 3018 humanus
505 2955 736 3038 voluptasque
747 2953 896 3018 carnalis
908 2954 1093 3018 extollunt.

224 3128 274 3192 De
290 3128 424 3193 aduentu
440 3128 569 3214 Pelagii
585 3127 679 3213 legati
693 3125 783 3211 opud
794 3127 974 3191 Domictom
990 3134 1019 3189 et

428 3228 564 3293 oliorum
572 3227 822 3312 peregrinorum.

201 3349 396 3435 Subjugata
411 3351 529 3432 igitur,
539 3359 578 3416 ut
589 3351 718 3415 dictum
735 3357 801 3426 est,
816 3350 902 3413 turri
916 3349 1095 3424 Damietae,
1110 3369 1225 3410 statuo

150 3458 318 3516 venerunt
335 3450 379 3515 ad
397 3451 596 3534 passagium
614 3457 747 3514 sanctae
762 3450 886 3526 crucis,
906 3449 999 3533 quod
1014 3456 1098 3513 tunc
1111 3421 1215 3471 mmm

153 3552 318 3627 instabat,
349 3550 391 3613 de
422 3549 568 3616 diversis
595 3551 717 3613 mundi
744 3551 903 3632 partibus
927 3548 1100 3632 peregrini

152 3650 277 3729 multi;
312 3649 403 3712 inter
425 3669 514 3733 quos
534 3656 705 3715 venerunt
725 3649 905 3731 Pelagius,
922 3647 1100 3713 Albanen-

152 3750 202 3813 sis
231 3749 415 3832 episcopus
442 3756 477 3813 et
501 3750 702 3832 apostolicae
726 3747 817 3812 sedis
844 3750 993 3831 legatus,
1022 3767 1100 3812 cum

153 3849 319 3930 magistro
332 3847 486 3912 Roberto
504 3849 546 3912 de
565 3842 718 3913 ²Curcun
735 3856 770 3912 et
785 3849 954 3913 Romanis
970 3847 1100 3912 multis.

174 4037 177 4043 Ι
189 4050 510 4124 'Codiceeeoangeliorum.]
521 4056 616 4106 Jacue
642 4055 781 4107 ‘Oorteou’
792 4057 817 4104 in
830 4057 888 4106 Jac.
901 4057 933 4105 de
945 4058 1066 4115 vitriaco,
1077 4072 1103 4117 p.

153 4130 277 4189 vitriaco,
287 4142 313 4188 p.
327 4129 401 4175 11³7.
646 4131 723 4175 1134:
740 4127 780 4174 his
792 4141 864 4175 name
877 4142 986 4189 appears
997 4133 1023 4176 to
1040 4127 1104 4176 have

189 4197 332 4261 terrena]
349 4198 356 4224 ‘
369 4196 494 4247 Turrum’
510 4197 537 4245 in
548 4195 616 4256 MS.;
645 4198 708 4246 been
721 4192 869 4260 ‘Courcom'
