2864 4866
351 391 395 457 78
599 405 733 454 nocam
758 407 805 453 nn
828 405 1040 455 wnuoovnn

186 583 320 672 3333113331
351 575 466 650 gatus
487 574 649 652 totusque
675 568 848 632 exercitus
875 567 1107 643 Christianus,
1136 572 1209 630 tam
1238 586 1302 649 per

190 684 313 724 tremate
351 669 492 735 fluvium
520 688 623 753 quam
647 688 709 751 per
739 675 867 732 terram
891 666 1049 731 ordinate
1075 666 1301 749 procedentes

188 734 212 772 ol
218 735 254 774 tbe

187 783 329 882 pompm,
349 769 554 834 invenerunt
570 768 772 845 Soldanum,
794 775 927 833 etcum
949 786 991 831 eo
1008 764 1166 832 inimicos
1187 768 1301 831 crucis

187 845 255 922 orde
349 869 559 945 innumeros,
573 870 634 933 sed
650 876 768 933 tamen
783 875 865 932 ante
881 867 1004 932 faciem
1021 865 1097 950 ejus
1114 865 1302 949 fugientes,

188 933 297 974 armauere

188 983 288 1022 mettre
349 969 468 1052 sicque
489 989 688 1052 processum
710 968 852 1032 estsine
873 967 999 1031 damno
1020 967 1131 1031 donec
1153 985 1299 1049 perven-

186 1033 303 1124 biddi'd.
349 1075 423 1132 tum
432 1069 551 1134 fuitad
565 1069 714 1134 tentoria
723 1067 878 1144 Soldani,
889 1066 1028 1131 flumine
1043 1073 1160 1131 tamen
1175 1065 1300 1143 medio,

349 1169 441 1251 quod
462 1169 619 1252 nequivit
640 1167 813 1233 exercitus
835 1167 1067 1250 pertransire3
1090 1165 1150 1231 sed
1169 1165 1206 1229 in
1221 1165 1299 1248 ripa

275 1288 278 1294 ·
349 1269 500 1333 fluminis
514 1269 592 1333 fixit
601 1269 763 1347 tentoria,
775 1286 975 1350 praeparans
984 1273 1108 1348 pontes
1120 1267 1164 1330 ad
1174 1265 1301 1330 facien-

347 1368 431 1433 dum
440 1371 626 1433 transitum
636 1369 680 1434 ad
691 1369 896 1448 Soldanum3
916 1365 1173 1449 itaquefiumen
1181 1365 1300 1447 Taph-

348 1487 444 1544 neos,
459 1487 481 1531 a
493 1487 620 1550 magno
636 1469 776 1532 flumine
792 1466 866 1531 Nili
886 1486 923 1530 se
939 1467 1113 1543 derivans,
1134 1467 1300 1532 acastus

349 1565 491 1631 Soldani
509 1588 572 1632 nos
600 1568 787 1652 separavit.
840 1567 996 1649 Cumque
1018 1566 1145 1629 ibidem
1168 1584 1300 1629 moram

348 1665 549 1744 faceremus,
572 1674 788 1732 recesserunt
808 1669 852 1730 ab
877 1667 1033 1730 exercitu
1047 1666 1147 1729 multi
1162 1685 1230 1729 non
1255 1666 1297 1729 li·

348 1768 502 1845 centiati,
523 1768 574 1831 ita
597 1768 689 1851 quod
714 1767 888 1833 indecem
910 1767 1069 1831 millibus·
1084 1772 1297 1830 armatorum

348 1867 552 1950 etamplius
575 1866 641 1931 fuit
667 1868 840 1932 exercitus
861 1866 1061 1932 diminutus.
1124 1865 1297 1929 Soldanus

347 1967 484 2031 interim
507 1987 568 2050 per
587 1967 717 2032 vallum
737 1965 930 2050 antiquitus
952 1967 1081 2030 sactum
1103 1965 1235 2046 galeias
1262 1974 1298 2032 ct

347 2067 515 2147 galiones,
532 2067 616 2132 Nilo
630 2075 815 2143 crescente,
832 2067 927 2132 misit
941 2067 977 2129 in
991 2066 1118 2129 flumen
1132 2065 1176 2129 ad
1189 2066 1298 2148 impe·

346 2166 507 2230 diendum
530 2169 705 2249 navigium
727 2174 896 2243 nostrum,
914 2185 957 2230 ne
973 2166 1072 2229 nobis
1088 2165 1297 2230 victualibus

347 2265 521 2332 destitutis
541 2288 563 2332 a
580 2268 743 2332 Damieta
761 2267 917 2331 venirent
939 2265 1115 2342 alimenta,
1136 2284 1213 2331 cum
1235 2275 1297 2349 per

347 2373 487 2446 terram,
516 2367 776 2450 prohibentibus
801 2366 995 2443 Saracenis,
1019 2365 1138 2430 venire
1158 2365 1297 2429 minime

346 2467 551 2548 potuissent.
585 2466 780 2530 Interclusa
792 2467 910 2549 itaque
921 2467 980 2531 via
991 2472 1063 2529 tam
1075 2472 1177 2529 terrae
1192 2484 1296 2547 quam

347 2566 496 2630 fluminis
518 2566 563 2630 ad
593 2566 788 2630 necessaria
821 2565 920 2630 nobis
948 2564 1142 2641 deferenda,
1172 2565 1300 2630 habuit

346 2666 527 2730 consilium
551 2666 724 2730 exercitus
744 2665 786 2730 de
810 2667 922 2730 reditu
938 2664 1118 2743 laciend03
1150 2665 1210 2728 sed
1226 2664 1296 2730 fra-

346 2765 580 2841 tresSoldani,
592 2765 723 2847 Seraph
739 2765 871 2830 scilicet
884 2772 919 2829 et
932 2764 1137 2841 Coracinus,
1153 2763 1295 2831 Soldani

346 2862 482 2946 Alapiae
505 2872 540 2929 et
561 2865 736 2941 Damasci,
758 2872 862 2947 atque
882 2863 1024 2929 Soldani
1045 2863 1117 2940 alii,
1142 2864 1292 2938 Camelae

345 2963 507 3030 videlicet
530 2972 565 3028 et
585 2965 728 3029 Haman
754 2972 789 3030 et
817 2964 1015 3040 Coilanbar,
1044 2983 1121 3028 cum
1153 2965 1293 3045 regibus

344 3083 559 3146 paganorum
590 3065 850 3149 quamplurimis
876 3072 912 3129 et
934 3063 1154 3128 multitudine
1184 3082 1293 3146 paga·

346 3183 480 3243 norum,
501 3165 560 3248 qui
581 3166 618 3229 in
638 3165 714 3249 ejus
739 3165 929 3231 subsidium
949 3163 1173 3240 advenerant,
1193 3165 1293 3244 nobis

344 3264 492 3329 reditum
507 3265 735 3346 denegabant.
776 3264 960 3329 Exercitus
975 3270 1091 3327 tamen
1108 3271 1238 3342 noster,
1249 3265 1293 3330 de

344 3372 445 3429 nocte
466 3365 628 3429 recedens
650 3385 712 3448 per
729 3365 854 3428 fiumen
875 3372 911 3429 ct
931 3383 993 3446 per
1015 3371 1153 3440 terram,
1174 3365 1292 3433 amisit

344 3464 510 3529 victualia
527 3485 605 3546 quae
623 3465 754 3529 serebat
774 3466 810 3528 in
827 3465 966 3528 flumine
982 3470 1017 3526 et
1031 3462 1187 3527 homines
1204 3465 1294 3528 mul·

343 3569 415 3642 tos3
439 3565 533 3646 quia,
548 3572 768 3629 excrescente
781 3564 876 3642 Nilo,
887 3563 1060 3628 Soldanns
1071 3563 1153 3627 fecit
1164 3582 1291 3645 aquam

343 3662 491 3727 derivari
504 3670 712 3745 permeatus
727 3664 880 3729 occultos
894 3670 930 3728 et
942 3664 1082 3728 canales
1092 3663 1292 3747 rivulosque

342 3763 533 3845 antiquitus
564 3763 770 3828 constitutos
804 3764 848 3828 ad
874 3763 1128 3845 impediendum
1156 3783 1291 3846 regres-
1348 3795 1353 3804 ·

341 3880 418 3925 sum
434 3863 554 3945 populi
571 3863 769 3928 Christiani.
823 3863 910 3928 Cum
927 3864 1035 3944 igitur
1050 3863 1086 3926 in
1106 3864 1292 3946 paludibus

339 3964 555 4041 summarios,
577 3963 815 4046 supellectilia,
843 3963 1001 4038 clitellas,
1029 3982 1220 4047 currusque
1247 3985 1288 4030 ac

339 4063 456 4126 omnia
471 4062 542 4127 fere
557 4065 750 4128 necessaria
768 4065 939 4129 exercitus
956 4063 1086 4129 Christi
1104 4064 1288 4144 amisisset,

338 4181 401 4224 nec
423 4163 516 4228 ultra
537 4164 721 4246 procedere
740 4163 796 4228 vel
822 4165 948 4228 reverti
977 4171 1038 4229 aut
1062 4164 1188 4229 alicubi
1207 4185 1288 4234 cone
1393 4170 1396 4174 ’
