2864 4866
363 410 409 476 68
622 424 756 472 nocam
782 425 828 472 nn
852 418 1060 471 wsunovrut

204 596 260 636 ω·
272 597 327 635 ¹²²¹·
365 583 443 647 dem
467 581 541 665 regi
568 589 604 646 et
627 582 721 664 patri
752 601 815 646 sno
841 583 876 645 in
904 601 1030 664 guerra
1054 600 1120 644 sua
1147 578 1316 644 servierat

366 682 513 747 fideliter
543 700 585 746 ac
618 688 803 764 potenter3
844 682 971 746 milites
999 682 1104 746 etiam
1132 699 1252 744 omnes
1280 686 1317 743 et

366 781 556 848 servientes
592 781 667 844 sinc
702 801 807 863 poena
837 789 872 846 et
900 781 1134 864 redemptione
1165 779 1317 843 relaxati

367 890 449 947 sunt
465 902 487 946 a
503 901 595 963 rege,
612 881 673 963 qui
693 883 878 963 pessimum
896 881 973 945 aliis
995 881 1090 945 dedit
1105 879 1317 962 exemplum,

368 988 546 1047 utcontra
567 1000 645 1044 eum
668 980 734 1046 hac
757 980 883 1046 fiducia
906 981 942 1045 in
967 1000 1050 1046 casu
1073 979 1242 1045 consimili
1265 998 1320 1041 re-

368 1083 547 1146 bellarent.

440 1255 489 1320 Do
503 1256 687 1322 dissensione
700 1255 781 1320 ictor
793 1255 1000 1334 Riolordom,
1016 1253 1246 1320 Domlnwmom

576 1357 758 1441 episcopam,
773 1364 800 1420 et
816 1356 975 1420 monachos
989 1365 1107 1421 scorto.

208 1493 332 1536 usnemun
435 1479 506 1543 Sub
535 1480 589 1543 bis
620 1480 768 1563 denique
804 1479 924 1544 diebus
955 1487 1079 1544 exorta
1104 1486 1158 1544 est
1190 1496 1321 1559 magna

208 1547 303 1586 between
312 1545 350 1584 the
373 1581 380 1595 ,

208 1596 334 1685 {33¹0}th
370 1586 461 1643 inter
484 1580 695 1644 Richardum
716 1580 759 1643 de
783 1580 948 1658 Marisco,
963 1579 1160 1662 episcopum
1184 1577 1320 1641 Dunel·

203 1696 341 1736 cornuum
370 1699 535 1757 mensem,
557 1686 592 1744 et
609 1680 760 1765 ejusdem
782 1679 937 1743 ecclesiae
959 1679 1146 1743 monachos
1168 1671 1319 1741 ¹dissen-

370 1781 423 1844 sio
445 1800 508 1863 pro
533 1781 738 1863 quibusdam
765 1780 981 1843 libertatibus
1010 1777 1161 1862 antiquis
1184 1786 1219 1841 et
1238 1796 1322 1841 con·

371 1880 624 1958 suetudinibus,
641 1899 727 1961 quas
750 1879 853 1943 iidem
875 1879 1034 1943 monachi
1052 1897 1089 1942 se
1106 1878 1219 1960 gavisi
1236 1883 1321 1941 sunt

371 1980 490 2045 multis
524 1987 616 2044 retro
645 1979 856 2062 temporibus
887 1978 1058 2043 babuisse.
1126 1977 1322 2060 Episcopus

372 2088 489 2144 autem
519 2079 755 2144 fraudulenter
786 2078 962 2142 monacbis
996 2076 1205 2160 significavit
1229 2096 1321 2159 prae·

373 2180 486 2257 dictis,
508 2188 548 2245 nt
569 2180 727 2244 venirent
753 2179 796 2243 ad
823 2198 901 2242 eum
927 2198 1005 2242 cum
1035 2178 1224 2260 privilegiis
1247 2177 1321 2241 suis

374 2287 409 2344 et
433 2279 588 2344 ecclesiae
616 2299 690 2342 suae
716 2279 968 2355 instrumentis,
996 2285 1047 2355 ut,
1069 2276 1182 2360 siquid
1207 2277 1243 2340 in
1271 2277 1323 2341 eis

372 2386 466 2443 esset
490 2378 730 2461 corrigendum
756 2378 800 2442 ad
824 2378 1012 2460 perfectam
1039 2397 1158 2442 eorum
1184 2377 1324 2440 liberta-

374 2485 456 2555 tem,
481 2478 592 2561 ipsius
624 2479 766 2542 arbitrio
795 2479 1033 2561 suppleretur3
1064 2477 1159 2560 prior
1179 2472 1261 2541 vero
1288 2483 1325 2541 et

374 2579 543 2655 monachi,
571 2577 726 2642 fraudem
748 2579 900 2661 episcopi
923 2579 1089 2642 babentes
1114 2583 1322 2659 suspectam,

374 2679 604 2742 instrumenta
630 2698 695 2742 sna
718 2679 750 2743 ei
774 2678 972 2742 nullatenus
1001 2676 1181 2742 ostendere
1203 2677 1324 2741 volue-

374 2784 467 2842 runt.
530 2778 723 2861 Episcopus
758 2779 888 2860 itaque,
920 2798 998 2841 cum
1029 2778 1322 2841 munimentorum

373 2877 622 2960 inspectionem
652 2879 779 2946 habere
811 2898 879 2941 non
913 2878 1039 2960 potuit,
1066 2876 1201 2961 juravit
1227 2876 1321 2960 quod

374 2979 491 3042 omnia
518 2980 610 3043 bona
639 2999 757 3043 eorum
791 2979 828 3041 in
862 2997 946 3041 usus
966 2996 1061 3046 'suos
1093 2984 1321 3054 converteret,

373 3078 540 3162 adjiciens
566 3078 671 3161 quod,
699 3079 729 3142 si
758 3078 908 3159 aliquem
940 3097 985 3140 ex
1015 3076 1191 3141 monachis
1219 3084 1323 3141 extra

373 3170 496 3260 portas
527 3179 631 3243 curiae
661 3198 735 3242 suae
768 3179 951 3255 inveniret,
984 3197 1054 3242 non
1084 3177 1187 3241 aliam
1218 3195 1323 3260 quam

374 3287 481 3360 caput
509 3278 778 3360 redemptionem
812 3277 1008 3360 acciperet3
1037 3277 1173 3360 juravit
1204 3277 1322 3354 etiam,

375 3378 593 3442 audientibus
612 3379 742 3453 multis,
758 3377 863 3460 quod,
880 3397 921 3440 eo
938 3378 1087 3453 vivente,
1112 3395 1230 3459 pacem
1247 3376 1324 3440 Du·

375 3477 559 3541 nelmensis
592 3478 738 3541 ecclesia
774 3497 843 3541 non
880 3477 1032 3541 haberet.
1108 3475 1184 3540 Nec
1215 3476 1325 3540 multo

376 3583 468 3658 post,
492 3596 570 3639 cum
598 3578 786 3641 servientes
812 3576 965 3660 episcopi
989 3576 1195 3639 monachum
1215 3596 1325 3659 quen-

377 3674 456 3738 dam
481 3677 525 3739 ab
550 3675 695 3740 ecclesia
713 3676 863 3759 quadam
885 3676 1055 3740 violenter
1076 3675 1326 3755 extraxissent,

377 3776 545 3840 monacho
574 3777 798 3859 conquerenti
826 3784 861 3841 et
889 3796 994 3859 super
1016 3777 1081 3840 boc
1109 3795 1224 3840 coram
1253 3777 1327 3860 epi·

377 3893 481 3957 scopo
508 3875 682 3958 querelam
715 3876 899 3958 deponenti
927 3875 1104 3958 respondit
1131 3877 1327 3959 episcopus

377 3975 468 4056 quod
492 3974 612 4039 melius
636 3975 798 4040 fecissent
815 3977 963 4039 ministri
987 3977 1016 4038 si
1036 3976 1241 4040 monachum
1265 3997 1325 4041 oc·

411 4146 584 4214 warenna]
608 4152 668 4200 ‘Eo
686 4152 755 4213 quod
772 4157 839 4202 esset
865 4157 949 4201 cretus
965 4157 991 4200 et
1001 4153 1123 4214 prodigus
1141 4153 1328 4221 dilapidator;’

377 4220 525 4269 substantiae
548 4221 729 4272 ecclesiastica
759 4223 839 4272 indis·
865 4223 930 4272 Mat.
943 4222 1024 4272 West.
1035 4239 1061 4284 p.
1074 4227 1131 4273 llo.
1251 4236 1254 4244 ·
