<?xml version="1.0" encoding="UTF-8"?>
<!DOCTYPE html PUBLIC "-//W3C//DTD XHTML 1.0 Transitional//EN"
    "http://www.w3.org/TR/xhtml1/DTD/xhtml1-transitional.dtd">
<html xmlns="http://www.w3.org/1999/xhtml" xml:lang="en" lang="en">
 <head>
  <title>
</title>
<meta http-equiv="Content-Type" content="text/html;charset=utf-8" />
  <meta name='ocr-system' content='tesseract 3.04.00' />
  <meta name='ocr-capabilities' content='ocr_page ocr_carea ocr_par ocr_line ocrx_word'/>
</head>
<body>
  <div class='ocr_page' id='page_1' title='image "./rogeridewendove03rogegoog_0151.png"; bbox 0 0 2864 4866; ppageno 0'>
   <div class='ocr_carea' id='block_1_1' title="bbox 333 414 1031 477">
    <p class='ocr_par' dir='ltr' id='par_1_1' title="bbox 333 414 1031 477">
     <span class='ocr_line' id='line_1_1' title="bbox 333 414 1031 477; baseline 0 -2"><span class='ocrx_word' id='word_1_1' title='bbox 333 414 398 477; x_wconf 85' lang='grc'><strong>140</strong></span> <span class='ocrx_word' id='word_1_2' title='bbox 599 425 732 477; x_wconf 76' lang='lat' dir='ltr'><strong>noorai</strong></span> <span class='ocrx_word' id='word_1_3' title='bbox 757 429 804 475; x_wconf 86' lang='lat' dir='ltr'><strong>nu</strong></span> <span class='ocrx_word' id='word_1_4' title='bbox 827 424 1031 477; x_wconf 80' lang='lat' dir='ltr'><strong>wunnovun</strong></span> 
     </span>
    </p>
   </div>
   <div class='ocr_carea' id='block_1_2' title="bbox 171 585 1286 1756">
    <p class='ocr_par' dir='ltr' id='par_1_2' title="bbox 171 585 1286 1756">
     <span class='ocr_line' id='line_1_2' title="bbox 171 585 1284 673; baseline -0.01 -14"><span class='ocrx_word' id='word_1_5' title='bbox 171 604 294 645; x_wconf 53' lang='lat' dir='ltr'><strong>›bv-¹²²⁷·</strong></span> <span class='ocrx_word' id='word_1_6' title='bbox 334 593 413 658; x_wconf 91' lang='lat' dir='ltr'><strong>cilio</strong></span> <span class='ocrx_word' id='word_1_7' title='bbox 441 593 564 673; x_wconf 84' lang='lat' dir='ltr'><strong>ingens</strong></span> <span class='ocrx_word' id='word_1_8' title='bbox 593 585 831 667; x_wconf 85' lang='lat' dir='ltr'><strong>murmuratio,</strong></span> <span class='ocrx_word' id='word_1_9' title='bbox 854 598 889 653; x_wconf 91' lang='lat' dir='ltr'><strong>et</strong></span> <span class='ocrx_word' id='word_1_10' title='bbox 914 607 1033 653; x_wconf 89' lang='lat' dir='ltr'><strong>omnes</strong></span> <span class='ocrx_word' id='word_1_11' title='bbox 1051 586 1284 671; x_wconf 84' lang='lat' dir='ltr'><strong>justiciarium</strong></span> 
     </span>
     <span class='ocr_line' id='line_1_3' title="bbox 334 690 1285 777; baseline -0.009 -20"><span class='ocrx_word' id='word_1_12' title='bbox 334 693 437 777; x_wconf 89' lang='lat' dir='ltr'><strong>hujus</strong></span> <span class='ocrx_word' id='word_1_13' title='bbox 462 691 733 775; x_wconf 85' lang='lat' dir='ltr'><strong>perturbationis</strong></span> <span class='ocrx_word' id='word_1_14' title='bbox 748 690 955 774; x_wconf 92' lang='lat' dir='ltr'><strong>judicabant</strong></span> <span class='ocrx_word' id='word_1_15' title='bbox 971 694 1170 765; x_wconf 70' lang='lat' dir='ltr'><strong>auctorem</strong></span> <span class='ocrx_word' id='word_1_16' title='bbox 1204 705 1285 749; x_wconf 88' lang='lat' dir='ltr'><strong>nam</strong></span> 
     </span>
     <span class='ocr_line' id='line_1_4' title="bbox 334 788 1284 874; baseline -0.008 -18"><span class='ocrx_word' id='word_1_17' title='bbox 334 792 495 874; x_wconf 87' lang='lat' dir='ltr'><strong>deinceps</strong></span> <span class='ocrx_word' id='word_1_18' title='bbox 520 798 619 856; x_wconf 91' lang='lat' dir='ltr'><strong>tanta</strong></span> <span class='ocrx_word' id='word_1_19' title='bbox 642 792 717 873; x_wconf 84' lang='lat' dir='ltr'><strong>regi</strong></span> <span class='ocrx_word' id='word_1_20' title='bbox 732 789 967 854; x_wconf 80' lang='lat' dir='ltr'><strong>familiaritate</strong></span> <span class='ocrx_word' id='word_1_21' title='bbox 986 788 1193 872; x_wconf 90' lang='lat' dir='ltr'><strong>conjunctus</strong></span> <span class='ocrx_word' id='word_1_22' title='bbox 1217 793 1284 861; x_wconf 90' lang='lat' dir='ltr'><strong>est,</strong></span> 
     </span>
     <span class='ocr_line' id='line_1_5' title="bbox 334 889 1283 973; baseline -0.008 -17"><span class='ocrx_word' id='word_1_23' title='bbox 334 899 374 956; x_wconf 91' lang='lat' dir='ltr'><strong>ut</strong></span> <span class='ocrx_word' id='word_1_24' title='bbox 405 911 523 956; x_wconf 90' lang='lat' dir='ltr'><strong>omnes</strong></span> <span class='ocrx_word' id='word_1_25' title='bbox 550 889 648 972; x_wconf 86' lang='lat' dir='ltr'><strong>regni</strong></span> <span class='ocrx_word' id='word_1_26' title='bbox 678 890 892 955; x_wconf 90' lang='lat' dir='ltr'><strong>consiliarios</strong></span> <span class='ocrx_word' id='word_1_27' title='bbox 921 896 1048 973; x_wconf 87' lang='lat' dir='ltr'><strong>praeter</strong></span> <span class='ocrx_word' id='word_1_28' title='bbox 1079 889 1192 970; x_wconf 92' lang='lat' dir='ltr'><strong>ipsum</strong></span> <span class='ocrx_word' id='word_1_29' title='bbox 1218 905 1283 967; x_wconf 90' lang='lat' dir='ltr'><strong>pro</strong></span> 
     </span>
     <span class='ocr_line' id='line_1_6' title="bbox 334 988 1284 1074; baseline -0.007 -18"><span class='ocrx_word' id='word_1_30' title='bbox 334 992 442 1057; x_wconf 90' lang='lat' dir='ltr'><strong>nihilo</strong></span> <span class='ocrx_word' id='word_1_31' title='bbox 473 999 660 1074; x_wconf 88' lang='lat' dir='ltr'><strong>reputaret.</strong></span> <span class='ocrx_word' id='word_1_32' title='bbox 712 990 811 1054; x_wconf 87' lang='lat' dir='ltr'><strong>Tunc</strong></span> <span class='ocrx_word' id='word_1_33' title='bbox 844 1009 925 1054; x_wconf 84' lang='lat' dir='ltr'><strong>vero</strong></span> <span class='ocrx_word' id='word_1_34' title='bbox 959 988 1196 1061; x_wconf 87' lang='lat' dir='ltr'><strong>denuntiatum</strong></span> <span class='ocrx_word' id='word_1_35' title='bbox 1231 993 1284 1049; x_wconf 88' lang='lat' dir='ltr'><strong>est</strong></span> 
     </span>
     <span class='ocr_line' id='line_1_7' title="bbox 334 1087 1282 1173; baseline -0.009 -16"><span class='ocrx_word' id='word_1_36' title='bbox 334 1092 418 1157; x_wconf 88' lang='lat' dir='ltr'><strong>viris</strong></span> <span class='ocrx_word' id='word_1_37' title='bbox 441 1091 611 1173; x_wconf 82' lang='lat' dir='ltr'><strong>religiosis</strong></span> <span class='ocrx_word' id='word_1_38' title='bbox 636 1097 671 1154; x_wconf 91' lang='lat' dir='ltr'><strong>et</strong></span> <span class='ocrx_word' id='word_1_39' title='bbox 691 1089 781 1168; x_wconf 90' lang='lat' dir='ltr'><strong>aliis,</strong></span> <span class='ocrx_word' id='word_1_40' title='bbox 803 1090 862 1172; x_wconf 91' lang='lat' dir='ltr'><strong>qui</strong></span> <span class='ocrx_word' id='word_1_41' title='bbox 879 1090 952 1154; x_wconf 91' lang='lat' dir='ltr'><strong>suis</strong></span> <span class='ocrx_word' id='word_1_42' title='bbox 966 1089 1128 1153; x_wconf 82' lang='lat' dir='ltr'><strong>volebant</strong></span> <span class='ocrx_word' id='word_1_43' title='bbox 1142 1087 1282 1150; x_wconf 91' lang='lat' dir='ltr'><strong>liberta-</strong></span> 
     </span>
     <span class='ocr_line' id='line_1_8' title="bbox 335 1186 1284 1272; baseline -0.007 -15"><span class='ocrx_word' id='word_1_44' title='bbox 335 1194 428 1257; x_wconf 86' lang='lat' dir='ltr'><strong>tibus</strong></span> <span class='ocrx_word' id='word_1_45' title='bbox 459 1191 623 1272; x_wconf 85' lang='lat' dir='ltr'><strong>gaudere,</strong></span> <span class='ocrx_word' id='word_1_46' title='bbox 654 1202 693 1255; x_wconf 91' lang='lat' dir='ltr'><strong>ut</strong></span> <span class='ocrx_word' id='word_1_47' title='bbox 722 1191 929 1254; x_wconf 88' lang='lat' dir='ltr'><strong>innovarent</strong></span> <span class='ocrx_word' id='word_1_48' title='bbox 957 1189 1096 1253; x_wconf 87' lang='lat' dir='ltr'><strong>chartas</strong></span> <span class='ocrx_word' id='word_1_49' title='bbox 1127 1205 1209 1252; x_wconf 89' lang='lat' dir='ltr'><strong>suas</strong></span> <span class='ocrx_word' id='word_1_50' title='bbox 1241 1186 1284 1250; x_wconf 92' lang='lat' dir='ltr'><strong>de</strong></span> 
     </span>
     <span class='ocr_line' id='line_1_9' title="bbox 335 1286 1284 1373; baseline -0.006 -18"><span class='ocrx_word' id='word_1_51' title='bbox 335 1312 425 1357; x_wconf 88' lang='lat' dir='ltr'><strong>novo</strong></span> <span class='ocrx_word' id='word_1_52' title='bbox 458 1292 550 1373; x_wconf 84' lang='lat' dir='ltr'><strong>regis</strong></span> <span class='ocrx_word' id='word_1_53' title='bbox 580 1291 707 1373; x_wconf 82' lang='lat' dir='ltr'><strong>sigillo,</strong></span> <span class='ocrx_word' id='word_1_54' title='bbox 740 1291 888 1354; x_wconf 85' lang='lat' dir='ltr'><strong>scientes</strong></span> <span class='ocrx_word' id='word_1_55' title='bbox 924 1289 1016 1372; x_wconf 93' lang='lat' dir='ltr'><strong>quod</strong></span> <span class='ocrx_word' id='word_1_56' title='bbox 1049 1308 1112 1352; x_wconf 84' lang='lat' dir='ltr'><strong>rex</strong></span> <span class='ocrx_word' id='word_1_57' title='bbox 1144 1286 1284 1351; x_wconf 90' lang='lat' dir='ltr'><strong>chartas</strong></span> 
     </span>
     <span class='ocr_line' id='line_1_10' title="bbox 335 1388 1285 1474; baseline -0.006 -18"><span class='ocrx_word' id='word_1_58' title='bbox 335 1392 496 1474; x_wconf 89' lang='lat' dir='ltr'><strong>antiquas</strong></span> <span class='ocrx_word' id='word_1_59' title='bbox 521 1390 649 1454; x_wconf 90' lang='lat' dir='ltr'><strong>nullius</strong></span> <span class='ocrx_word' id='word_1_60' title='bbox 677 1409 752 1455; x_wconf 87' lang='lat' dir='ltr'><strong>essa</strong></span> <span class='ocrx_word' id='word_1_61' title='bbox 784 1390 948 1454; x_wconf 90' lang='lat' dir='ltr'><strong>momenti</strong></span> <span class='ocrx_word' id='word_1_62' title='bbox 977 1388 1186 1472; x_wconf 85' lang='lat' dir='ltr'><strong>reputabat3</strong></span> <span class='ocrx_word' id='word_1_63' title='bbox 1222 1407 1285 1469; x_wconf 90' lang='lat' dir='ltr'><strong>pro</strong></span> 
     </span>
     <span class='ocr_line' id='line_1_11' title="bbox 337 1487 1284 1575; baseline -0.006 -20"><span class='ocrx_word' id='word_1_64' title='bbox 337 1510 482 1575; x_wconf 87' lang='lat' dir='ltr'><strong>quarum</strong></span> <span class='ocrx_word' id='word_1_65' title='bbox 507 1490 744 1566; x_wconf 88' lang='lat' dir='ltr'><strong>innovatione,</strong></span> <span class='ocrx_word' id='word_1_66' title='bbox 771 1509 839 1554; x_wconf 92' lang='lat' dir='ltr'><strong>non</strong></span> <span class='ocrx_word' id='word_1_67' title='bbox 859 1490 967 1574; x_wconf 84' lang='lat' dir='ltr'><strong>juxta</strong></span> <span class='ocrx_word' id='word_1_68' title='bbox 991 1489 1207 1571; x_wconf 83' lang='lat' dir='ltr'><strong>singulorum</strong></span> <span class='ocrx_word' id='word_1_69' title='bbox 1234 1487 1284 1550; x_wconf 87' lang='lat' dir='ltr'><strong>fa-</strong></span> 
     </span>
     <span class='ocr_line' id='line_1_12' title="bbox 336 1587 1286 1673; baseline -0.005 -17"><span class='ocrx_word' id='word_1_70' title='bbox 336 1592 502 1656; x_wconf 80' lang='lat' dir='ltr'><strong>cultatem</strong></span> <span class='ocrx_word' id='word_1_71' title='bbox 528 1591 663 1654; x_wconf 86' lang='lat' dir='ltr'><strong>taxatio</strong></span> <span class='ocrx_word' id='word_1_72' title='bbox 691 1589 785 1654; x_wconf 86' lang='lat' dir='ltr'><strong>sacta</strong></span> <span class='ocrx_word' id='word_1_73' title='bbox 809 1596 875 1667; x_wconf 88' lang='lat' dir='ltr'><strong>est,</strong></span> <span class='ocrx_word' id='word_1_74' title='bbox 902 1590 963 1653; x_wconf 86' lang='lat' dir='ltr'><strong>sed</strong></span> <span class='ocrx_word' id='word_1_75' title='bbox 990 1587 1153 1673; x_wconf 88' lang='lat' dir='ltr'><strong>quicquid</strong></span> <span class='ocrx_word' id='word_1_76' title='bbox 1179 1587 1286 1672; x_wconf 90' lang='lat' dir='ltr'><strong>justi-</strong></span> 
     </span>
     <span class='ocr_line' id='line_1_13' title="bbox 335 1690 1057 1756; baseline -0.004 -1"><span class='ocrx_word' id='word_1_77' title='bbox 335 1692 462 1756; x_wconf 90' lang='lat' dir='ltr'><strong>ciarius</strong></span> <span class='ocrx_word' id='word_1_78' title='bbox 479 1691 674 1754; x_wconf 74' lang='lat' dir='ltr'><strong>aestimabat</strong></span> <span class='ocrx_word' id='word_1_79' title='bbox 687 1690 821 1754; x_wconf 87' lang='lat' dir='ltr'><strong>solvere</strong></span> <span class='ocrx_word' id='word_1_80' title='bbox 838 1696 919 1753; x_wconf 88' lang='lat' dir='ltr'><strong>sunt</strong></span> <span class='ocrx_word' id='word_1_81' title='bbox 934 1690 1057 1754; x_wconf 89' lang='lat' dir='ltr'><strong>coacti.</strong></span> 
     </span>
    </p>
   </div>
   <div class='ocr_carea' id='block_1_3' title="bbox 369 1863 1254 2030">
    <p class='ocr_par' dir='ltr' id='par_1_3' title="bbox 369 1863 1254 2030">
     <span class='ocr_line' id='line_1_14' title="bbox 369 1863 1254 1952; baseline 0.002 -26"><span class='ocrx_word' id='word_1_82' title='bbox 369 1863 460 1938; x_wconf 82' lang='lat' dir='ltr'><strong>Quod</strong></span> <span class='ocrx_word' id='word_1_83' title='bbox 473 1864 579 1928; x_wconf 80' lang='lat' dir='ltr'><strong>nautii</strong></span> <span class='ocrx_word' id='word_1_84' title='bbox 595 1864 675 1952; x_wconf 76' lang='lat' dir='ltr'><strong>repis</strong></span> <span class='ocrx_word' id='word_1_85' title='bbox 688 1864 724 1929; x_wconf 78' lang='lat' dir='ltr'><strong>in</strong></span> <span class='ocrx_word' id='word_1_86' title='bbox 740 1863 916 1930; x_wconf 69' lang='lat' dir='ltr'><strong>Propriam</strong></span> <span class='ocrx_word' id='word_1_87' title='bbox 931 1865 1017 1930; x_wconf 79' lang='lat' dir='ltr'><strong>missi</strong></span> <span class='ocrx_word' id='word_1_88' title='bbox 1032 1864 1170 1929; x_wconf 75' lang='lat' dir='ltr'><strong>inaniter</strong></span> <span class='ocrx_word' id='word_1_89' title='bbox 1182 1872 1254 1929; x_wconf 77' lang='lat' dir='ltr'><strong>aaut</strong></span> 
     </span>
     <span class='ocr_line' id='line_1_15' title="bbox 747 1986 870 2030; baseline 0 -2"><span class='ocrx_word' id='word_1_90' title='bbox 747 1986 870 2030; x_wconf 77' lang='lat' dir='ltr'><strong>renarra</strong></span> 
     </span>
    </p>
   </div>
   <div class='ocr_carea' id='block_1_4' title="bbox 173 2089 1286 2374">
    <p class='ocr_par' dir='ltr' id='par_1_4' title="bbox 173 2089 1286 2374">
     <span class='ocr_line' id='line_1_16' title="bbox 173 2089 1285 2174; baseline 0.004 -25"><span class='ocrx_word' id='word_1_91' title='bbox 173 2111 288 2150; x_wconf 58' lang='lat' dir='ltr'><strong>aalma</strong></span> <span class='ocrx_word' id='word_1_92' title='bbox 386 2090 516 2155; x_wconf 89' lang='lat' dir='ltr'><strong>Eodem</strong></span> <span class='ocrx_word' id='word_1_93' title='bbox 533 2111 636 2168; x_wconf 91' lang='lat' dir='ltr'><strong>anno,</strong></span> <span class='ocrx_word' id='word_1_94' title='bbox 652 2090 813 2155; x_wconf 85' lang='lat' dir='ltr'><strong>defuncto</strong></span> <span class='ocrx_word' id='word_1_95' title='bbox 835 2111 928 2174; x_wconf 90' lang='lat' dir='ltr'><strong>papa</strong></span> <span class='ocrx_word' id='word_1_96' title='bbox 953 2091 1124 2168; x_wconf 86' lang='lat' dir='ltr'><strong>Honorio,</strong></span> <span class='ocrx_word' id='word_1_97' title='bbox 1149 2089 1285 2171; x_wconf 86' lang='lat' dir='ltr'><strong>Grego-</strong></span> 
     </span>
     <span class='ocr_line' id='line_1_17' title="bbox 173 2159 1284 2274; baseline 0.004 -25"><span class='ocrx_word' id='word_1_98' title='bbox 173 2159 318 2250; x_wconf 63' lang='lat' dir='ltr'><strong>ilibllldm</strong></span> <span class='ocrx_word' id='word_1_99' title='bbox 337 2191 419 2268; x_wconf 91' lang='lat' dir='ltr'><strong>rius,</strong></span> <span class='ocrx_word' id='word_1_100' title='bbox 430 2185 642 2256; x_wconf 88' lang='lat' dir='ltr'><strong>¹Hostiensis</strong></span> <span class='ocrx_word' id='word_1_101' title='bbox 659 2192 854 2274; x_wconf 89' lang='lat' dir='ltr'><strong>episcopus,</strong></span> <span class='ocrx_word' id='word_1_102' title='bbox 864 2192 1030 2255; x_wconf 88' lang='lat' dir='ltr'><strong>successit</strong></span> <span class='ocrx_word' id='word_1_103' title='bbox 1039 2191 1171 2255; x_wconf 89' lang='lat' dir='ltr'><strong>decimo</strong></span> <span class='ocrx_word' id='word_1_104' title='bbox 1183 2192 1284 2273; x_wconf 90' lang='lat' dir='ltr'><strong>quin-</strong></span> 
     </span>
     <span class='ocr_line' id='line_1_18' title="bbox 337 2289 1286 2374; baseline -0.001 -19"><span class='ocrx_word' id='word_1_105' title='bbox 337 2298 374 2355; x_wconf 95' lang='lat' dir='ltr'><strong>to</strong></span> <span class='ocrx_word' id='word_1_106' title='bbox 391 2290 558 2356; x_wconf 86' lang='lat' dir='ltr'><strong>kalendas</strong></span> <span class='ocrx_word' id='word_1_107' title='bbox 581 2289 725 2373; x_wconf 79' lang='lat' dir='ltr'><strong>Aprilis,</strong></span> <span class='ocrx_word' id='word_1_108' title='bbox 778 2291 847 2355; x_wconf 89' lang='lat' dir='ltr'><strong>Per</strong></span> <span class='ocrx_word' id='word_1_109' title='bbox 862 2291 952 2355; x_wconf 91' lang='lat' dir='ltr'><strong>idem</strong></span> <span class='ocrx_word' id='word_1_110' title='bbox 970 2298 1117 2374; x_wconf 89' lang='lat' dir='ltr'><strong>tempus,</strong></span> <span class='ocrx_word' id='word_1_111' title='bbox 1131 2292 1286 2355; x_wconf 84' lang='lat' dir='ltr'><strong>instante</strong></span> 
     </span>
    </p>
   </div>
   <div class='ocr_carea' id='block_1_5' title="bbox 337 2390 1286 2476">
    <p class='ocr_par' dir='ltr' id='par_1_5' title="bbox 337 2390 1286 2476">
     <span class='ocr_line' id='line_1_19' title="bbox 337 2390 1286 2476; baseline 0.001 -22"><span class='ocrx_word' id='word_1_112' title='bbox 337 2391 555 2455; x_wconf 87' lang='lat' dir='ltr'><strong>solemnitate</strong></span> <span class='ocrx_word' id='word_1_113' title='bbox 572 2390 747 2469; x_wconf 83' lang='lat' dir='ltr'><strong>Paschali,</strong></span> <span class='ocrx_word' id='word_1_114' title='bbox 764 2392 1042 2476; x_wconf 86' lang='lat' dir='ltr'><strong>archiepiscopus</strong></span> <span class='ocrx_word' id='word_1_115' title='bbox 1056 2391 1286 2455; x_wconf 87' lang='lat' dir='ltr'><strong>Eboracensis</strong></span> 
     </span>
    </p>
   </div>
   <div class='ocr_carea' id='block_1_6' title="bbox 174 2262 323 2301">
    <p class='ocr_par' dir='ltr' id='par_1_6' title="bbox 174 2262 323 2301">
     <span class='ocr_line' id='line_1_20' title="bbox 174 2262 323 2301; baseline -0.007 0"><span class='ocrx_word' id='word_1_116' title='bbox 174 2263 228 2301; x_wconf 78' lang='lat' dir='ltr'><strong>from</strong></span> <span class='ocrx_word' id='word_1_117' title='bbox 237 2262 323 2301; x_wconf 72' lang='lat' dir='ltr'><strong>Franco.</strong></span> 
     </span>
    </p>
   </div>
   <div class='ocr_carea' id='block_1_7' title="bbox 333 2489 1291 4073">
    <p class='ocr_par' dir='ltr' id='par_1_7' title="bbox 333 2489 1291 4073">
     <span class='ocr_line' id='line_1_21' title="bbox 336 2489 1286 2574; baseline 0.003 -21"><span class='ocrx_word' id='word_1_118' title='bbox 336 2497 372 2554; x_wconf 92' lang='lat' dir='ltr'><strong>et</strong></span> <span class='ocrx_word' id='word_1_119' title='bbox 387 2492 570 2573; x_wconf 91' lang='lat' dir='ltr'><strong>episcopus</strong></span> <span class='ocrx_word' id='word_1_120' title='bbox 583 2489 833 2570; x_wconf 77' lang='lat' dir='ltr'><strong>KarleolansiS,</strong></span> <span class='ocrx_word' id='word_1_121' title='bbox 848 2513 926 2557; x_wconf 88' lang='lat' dir='ltr'><strong>cum</strong></span> <span class='ocrx_word' id='word_1_122' title='bbox 943 2491 1106 2574; x_wconf 93' lang='lat' dir='ltr'><strong>Philippo</strong></span> <span class='ocrx_word' id='word_1_123' title='bbox 1120 2492 1162 2555; x_wconf 88' lang='lat' dir='ltr'><strong>de</strong></span> <span class='ocrx_word' id='word_1_124' title='bbox 1178 2490 1286 2556; x_wconf 87' lang='lat' dir='ltr'><strong>Albe-</strong></span> 
     </span>
     <span class='ocr_line' id='line_1_22' title="bbox 336 2590 1285 2674; baseline 0.004 -22"><span class='ocrx_word' id='word_1_125' title='bbox 336 2590 414 2654; x_wconf 93' lang='lat' dir='ltr'><strong>neio</strong></span> <span class='ocrx_word' id='word_1_126' title='bbox 431 2591 551 2670; x_wconf 88' lang='lat' dir='ltr'><strong>milite,</strong></span> <span class='ocrx_word' id='word_1_127' title='bbox 567 2592 678 2656; x_wconf 91' lang='lat' dir='ltr'><strong>nuntii</strong></span> <span class='ocrx_word' id='word_1_128' title='bbox 698 2592 802 2674; x_wconf 84' lang='lat' dir='ltr'><strong>regis,</strong></span> <span class='ocrx_word' id='word_1_129' title='bbox 821 2593 950 2658; x_wconf 88' lang='lat' dir='ltr'><strong>reversi</strong></span> <span class='ocrx_word' id='word_1_130' title='bbox 968 2598 1049 2656; x_wconf 86' lang='lat' dir='ltr'><strong>sunt</strong></span> <span class='ocrx_word' id='word_1_131' title='bbox 1066 2592 1102 2655; x_wconf 91' lang='lat' dir='ltr'><strong>in</strong></span> <span class='ocrx_word' id='word_1_132' title='bbox 1119 2590 1285 2674; x_wconf 86' lang='lat' dir='ltr'><strong>Angliam</strong></span> 
     </span>
     <span class='ocr_line' id='line_1_23' title="bbox 336 2692 1287 2775; baseline 0.004 -22"><span class='ocrx_word' id='word_1_133' title='bbox 336 2710 380 2753; x_wconf 84' lang='lat' dir='ltr'><strong>ex</strong></span> <span class='ocrx_word' id='word_1_134' title='bbox 405 2692 561 2773; x_wconf 90' lang='lat' dir='ltr'><strong>partibus</strong></span> <span class='ocrx_word' id='word_1_135' title='bbox 588 2692 839 2756; x_wconf 86' lang='lat' dir='ltr'><strong>transmarinis.</strong></span> <span class='ocrx_word' id='word_1_136' title='bbox 893 2692 995 2756; x_wconf 91' lang='lat' dir='ltr'><strong>Missi</strong></span> <span class='ocrx_word' id='word_1_137' title='bbox 1023 2692 1160 2775; x_wconf 85' lang='lat' dir='ltr'><strong>quidem</strong></span> <span class='ocrx_word' id='word_1_138' title='bbox 1186 2700 1287 2757; x_wconf 86' lang='lat' dir='ltr'><strong>crant</strong></span> 
     </span>
     <span class='ocr_line' id='line_1_24' title="bbox 336 2789 1285 2876; baseline 0.002 -23"><span class='ocrx_word' id='word_1_139' title='bbox 336 2789 379 2853; x_wconf 91' lang='lat' dir='ltr'><strong>ad</strong></span> <span class='ocrx_word' id='word_1_140' title='bbox 397 2799 577 2873; x_wconf 84' lang='lat' dir='ltr'><strong>magnates</strong></span> <span class='ocrx_word' id='word_1_141' title='bbox 593 2791 730 2869; x_wconf 87' lang='lat' dir='ltr'><strong>illarum</strong></span> <span class='ocrx_word' id='word_1_142' title='bbox 748 2793 938 2874; x_wconf 85' lang='lat' dir='ltr'><strong>regionum,</strong></span> <span class='ocrx_word' id='word_1_143' title='bbox 962 2793 1023 2875; x_wconf 90' lang='lat' dir='ltr'><strong>qui</strong></span> <span class='ocrx_word' id='word_1_144' title='bbox 1042 2792 1085 2856; x_wconf 88' lang='lat' dir='ltr'><strong>de</strong></span> <span class='ocrx_word' id='word_1_145' title='bbox 1099 2792 1180 2876; x_wconf 88' lang='lat' dir='ltr'><strong>jure</strong></span> <span class='ocrx_word' id='word_1_146' title='bbox 1195 2793 1285 2856; x_wconf 90' lang='lat' dir='ltr'><strong>anti-</strong></span> 
     </span>
     <span class='ocr_line' id='line_1_25' title="bbox 335 2890 1286 2976; baseline 0.004 -23"><span class='ocrx_word' id='word_1_147' title='bbox 335 2910 404 2972; x_wconf 91' lang='lat' dir='ltr'><strong>quo</strong></span> <span class='ocrx_word' id='word_1_148' title='bbox 420 2891 464 2954; x_wconf 91' lang='lat' dir='ltr'><strong>ad</strong></span> <span class='ocrx_word' id='word_1_149' title='bbox 480 2911 596 2972; x_wconf 85' lang='lat' dir='ltr'><strong>regem</strong></span> <span class='ocrx_word' id='word_1_150' title='bbox 616 2890 753 2974; x_wconf 84' lang='lat' dir='ltr'><strong>Angliae</strong></span> <span class='ocrx_word' id='word_1_151' title='bbox 768 2903 925 2976; x_wconf 89' lang='lat' dir='ltr'><strong>spectare</strong></span> <span class='ocrx_word' id='word_1_152' title='bbox 947 2893 1173 2972; x_wconf 88' lang='lat' dir='ltr'><strong>tenebantur;</strong></span> <span class='ocrx_word' id='word_1_153' title='bbox 1209 2893 1286 2975; x_wconf 91' lang='lat' dir='ltr'><strong>qui·</strong></span> 
     </span>
     <span class='ocr_line' id='line_1_26' title="bbox 335 2991 1285 3074; baseline 0.003 -22"><span class='ocrx_word' id='word_1_154' title='bbox 335 2991 400 3054; x_wconf 90' lang='lat' dir='ltr'><strong>bus</strong></span> <span class='ocrx_word' id='word_1_155' title='bbox 421 2992 617 3074; x_wconf 90' lang='lat' dir='ltr'><strong>impositum</strong></span> <span class='ocrx_word' id='word_1_156' title='bbox 639 2992 752 3056; x_wconf 89' lang='lat' dir='ltr'><strong>fuerat</strong></span> <span class='ocrx_word' id='word_1_157' title='bbox 774 3011 817 3056; x_wconf 87' lang='lat' dir='ltr'><strong>ex</strong></span> <span class='ocrx_word' id='word_1_158' title='bbox 839 3000 937 3074; x_wconf 86' lang='lat' dir='ltr'><strong>parto</strong></span> <span class='ocrx_word' id='word_1_159' title='bbox 963 2993 1066 3074; x_wconf 76' lang='lat' dir='ltr'><strong>regiS,</strong></span> <span class='ocrx_word' id='word_1_160' title='bbox 1090 2999 1130 3056; x_wconf 94' lang='lat' dir='ltr'><strong>ut</strong></span> <span class='ocrx_word' id='word_1_161' title='bbox 1147 2992 1285 3056; x_wconf 87' lang='lat' dir='ltr'><strong>blandis</strong></span> 
     </span>
     <span class='ocr_line' id='line_1_27' title="bbox 336 3090 1285 3174; baseline 0.005 -22"><span class='ocrx_word' id='word_1_162' title='bbox 336 3090 635 3156; x_wconf 85' lang='lat' dir='ltr'><strong>exhortationibus</strong></span> <span class='ocrx_word' id='word_1_163' title='bbox 655 3092 732 3156; x_wconf 89' lang='lat' dir='ltr'><strong>cum</strong></span> <span class='ocrx_word' id='word_1_164' title='bbox 755 3092 1039 3174; x_wconf 87' lang='lat' dir='ltr'><strong>promissionibus</strong></span> <span class='ocrx_word' id='word_1_165' title='bbox 1064 3094 1199 3174; x_wconf 82' lang='lat' dir='ltr'><strong>magnis</strong></span> <span class='ocrx_word' id='word_1_166' title='bbox 1224 3112 1285 3157; x_wconf 89' lang='lat' dir='ltr'><strong>eos</strong></span> 
     </span>
     <span class='ocr_line' id='line_1_28' title="bbox 336 3190 1285 3274; baseline 0.005 -22"><span class='ocrx_word' id='word_1_167' title='bbox 336 3190 550 3268; x_wconf 85' lang='lat' dir='ltr'><strong>inducerent,</strong></span> <span class='ocrx_word' id='word_1_168' title='bbox 573 3199 743 3274; x_wconf 92' lang='lat' dir='ltr'><strong>quatenus</strong></span> <span class='ocrx_word' id='word_1_169' title='bbox 768 3192 897 3256; x_wconf 91' lang='lat' dir='ltr'><strong>dictum</strong></span> <span class='ocrx_word' id='word_1_170' title='bbox 921 3213 1036 3274; x_wconf 81' lang='lat' dir='ltr'><strong>regem</strong></span> <span class='ocrx_word' id='word_1_171' title='bbox 1058 3191 1101 3256; x_wconf 92' lang='lat' dir='ltr'><strong>ad</strong></span> <span class='ocrx_word' id='word_1_172' title='bbox 1124 3193 1203 3256; x_wconf 90' lang='lat' dir='ltr'><strong>illos</strong></span> <span class='ocrx_word' id='word_1_173' title='bbox 1224 3213 1285 3257; x_wconf 87' lang='lat' dir='ltr'><strong>ve-</strong></span> 
     </span>
     <span class='ocr_line' id='line_1_29' title="bbox 336 3290 1285 3374; baseline 0.006 -22"><span class='ocrx_word' id='word_1_174' title='bbox 336 3290 410 3355; x_wconf 87' lang='lat' dir='ltr'><strong>nire</strong></span> <span class='ocrx_word' id='word_1_175' title='bbox 438 3292 633 3373; x_wconf 89' lang='lat' dir='ltr'><strong>cupientem</strong></span> <span class='ocrx_word' id='word_1_176' title='bbox 658 3293 850 3374; x_wconf 88' lang='lat' dir='ltr'><strong>reciperent</strong></span> <span class='ocrx_word' id='word_1_177' title='bbox 876 3299 911 3356; x_wconf 88' lang='lat' dir='ltr'><strong>et</strong></span> <span class='ocrx_word' id='word_1_178' title='bbox 934 3301 1221 3374; x_wconf 82' lang='lat' dir='ltr'><strong>recognoscerent</strong></span> <span class='ocrx_word' id='word_1_179' title='bbox 1245 3301 1285 3358; x_wconf 89' lang='lat' dir='ltr'><strong>ut</strong></span> 
     </span>
     <span class='ocr_line' id='line_1_30' title="bbox 337 3389 1286 3467; baseline 0.004 -15"><span class='ocrx_word' id='word_1_180' title='bbox 337 3389 515 3455; x_wconf 92' lang='lat' dir='ltr'><strong>dominum</strong></span> <span class='ocrx_word' id='word_1_181' title='bbox 532 3392 736 3455; x_wconf 90' lang='lat' dir='ltr'><strong>naturalem.</strong></span> <span class='ocrx_word' id='word_1_182' title='bbox 769 3390 849 3467; x_wconf 90' lang='lat' dir='ltr'><strong>Sed,</strong></span> <span class='ocrx_word' id='word_1_183' title='bbox 862 3413 904 3456; x_wconf 88' lang='lat' dir='ltr'><strong>ne</strong></span> <span class='ocrx_word' id='word_1_184' title='bbox 920 3393 978 3456; x_wconf 93' lang='lat' dir='ltr'><strong>diu</strong></span> <span class='ocrx_word' id='word_1_185' title='bbox 992 3400 1027 3456; x_wconf 88' lang='lat' dir='ltr'><strong>et</strong></span> <span class='ocrx_word' id='word_1_186' title='bbox 1044 3393 1192 3457; x_wconf 84' lang='lat' dir='ltr'><strong>inaniter</strong></span> <span class='ocrx_word' id='word_1_187' title='bbox 1209 3413 1286 3458; x_wconf 88' lang='lat' dir='ltr'><strong>ver·</strong></span> 
     </span>
     <span class='ocr_line' id='line_1_31' title="bbox 338 3491 1286 3575; baseline 0.005 -23"><span class='ocrx_word' id='word_1_188' title='bbox 338 3491 382 3554; x_wconf 94' lang='lat' dir='ltr'><strong>ba</strong></span> <span class='ocrx_word' id='word_1_189' title='bbox 390 3491 592 3575; x_wconf 86' lang='lat' dir='ltr'><strong>protrahere</strong></span> <span class='ocrx_word' id='word_1_190' title='bbox 603 3491 792 3568; x_wconf 88' lang='lat' dir='ltr'><strong>videamur,</strong></span> <span class='ocrx_word' id='word_1_191' title='bbox 807 3499 990 3575; x_wconf 85' lang='lat' dir='ltr'><strong>antequam</strong></span> <span class='ocrx_word' id='word_1_192' title='bbox 1008 3493 1120 3557; x_wconf 91' lang='lat' dir='ltr'><strong>nuntii</strong></span> <span class='ocrx_word' id='word_1_193' title='bbox 1132 3494 1224 3574; x_wconf 82' lang='lat' dir='ltr'><strong>regis</strong></span> <span class='ocrx_word' id='word_1_194' title='bbox 1241 3495 1286 3557; x_wconf 93' lang='lat' dir='ltr'><strong>ad</strong></span> 
     </span>
     <span class='ocr_line' id='line_1_32' title="bbox 337 3590 1289 3672; baseline 0.005 -19"><span class='ocrx_word' id='word_1_195' title='bbox 337 3599 455 3672; x_wconf 91' lang='lat' dir='ltr'><strong>partes</strong></span> <span class='ocrx_word' id='word_1_196' title='bbox 473 3591 550 3654; x_wconf 91' lang='lat' dir='ltr'><strong>illas</strong></span> <span class='ocrx_word' id='word_1_197' title='bbox 573 3590 823 3672; x_wconf 86' lang='lat' dir='ltr'><strong>pervenissent,</strong></span> <span class='ocrx_word' id='word_1_198' title='bbox 842 3592 1055 3657; x_wconf 90' lang='lat' dir='ltr'><strong>Francorum</strong></span> <span class='ocrx_word' id='word_1_199' title='bbox 1078 3612 1153 3670; x_wconf 88' lang='lat' dir='ltr'><strong>rex,</strong></span> <span class='ocrx_word' id='word_1_200' title='bbox 1176 3600 1289 3659; x_wconf 87' lang='lat' dir='ltr'><strong>matre</strong></span> 
     </span>
     <span class='ocr_line' id='line_1_33' title="bbox 338 3690 1287 3774; baseline 0.004 -21"><span class='ocrx_word' id='word_1_201' title='bbox 338 3690 413 3774; x_wconf 90' lang='lat' dir='ltr'><strong>ejus</strong></span> <span class='ocrx_word' id='word_1_202' title='bbox 446 3698 562 3773; x_wconf 80' lang='lat' dir='ltr'><strong>partes</strong></span> <span class='ocrx_word' id='word_1_203' title='bbox 595 3709 676 3754; x_wconf 91' lang='lat' dir='ltr'><strong>suas</strong></span> <span class='ocrx_word' id='word_1_204' title='bbox 707 3692 959 3774; x_wconf 87' lang='lat' dir='ltr'><strong>interponente,</strong></span> <span class='ocrx_word' id='word_1_205' title='bbox 988 3713 1067 3756; x_wconf 91' lang='lat' dir='ltr'><strong>cum</strong></span> <span class='ocrx_word' id='word_1_206' title='bbox 1101 3694 1287 3758; x_wconf 86' lang='lat' dir='ltr'><strong>baronibus</strong></span> 
     </span>
     <span class='ocr_line' id='line_1_34' title="bbox 338 3789 1288 3875; baseline 0.005 -22"><span class='ocrx_word' id='word_1_207' title='bbox 338 3790 407 3853; x_wconf 89' lang='lat' dir='ltr'><strong>illis</strong></span> <span class='ocrx_word' id='word_1_208' title='bbox 424 3809 544 3872; x_wconf 86' lang='lat' dir='ltr'><strong>pacem</strong></span> <span class='ocrx_word' id='word_1_209' title='bbox 562 3789 690 3855; x_wconf 88' lang='lat' dir='ltr'><strong>fecerat</strong></span> <span class='ocrx_word' id='word_1_210' title='bbox 708 3798 873 3856; x_wconf 90' lang='lat' dir='ltr'><strong>eteorum</strong></span> <span class='ocrx_word' id='word_1_211' title='bbox 897 3792 1058 3873; x_wconf 85' lang='lat' dir='ltr'><strong>homagia</strong></span> <span class='ocrx_word' id='word_1_212' title='bbox 1076 3801 1288 3875; x_wconf 87' lang='lat' dir='ltr'><strong>susceperat,</strong></span> 
     </span>
     <span class='ocr_line' id='line_1_35' title="bbox 339 3889 1288 3973; baseline 0.004 -21"><span class='ocrx_word' id='word_1_213' title='bbox 339 3889 547 3953; x_wconf 90' lang='lat' dir='ltr'><strong>distribuens</strong></span> <span class='ocrx_word' id='word_1_214' title='bbox 575 3890 660 3973; x_wconf 86' lang='lat' dir='ltr'><strong>ipsis</strong></span> <span class='ocrx_word' id='word_1_215' title='bbox 681 3890 861 3956; x_wconf 89' lang='lat' dir='ltr'><strong>affluenter</strong></span> <span class='ocrx_word' id='word_1_216' title='bbox 883 3900 994 3956; x_wconf 90' lang='lat' dir='ltr'><strong>terras</strong></span> <span class='ocrx_word' id='word_1_217' title='bbox 1017 3899 1052 3956; x_wconf 91' lang='lat' dir='ltr'><strong>et</strong></span> <span class='ocrx_word' id='word_1_218' title='bbox 1074 3892 1218 3957; x_wconf 87' lang='lat' dir='ltr'><strong>castella</strong></span> <span class='ocrx_word' id='word_1_219' title='bbox 1243 3894 1288 3956; x_wconf 93' lang='lat' dir='ltr'><strong>ad</strong></span> 
     </span>
     <span class='ocr_line' id='line_1_36' title="bbox 333 3989 1291 4073; baseline 0.006 -22"><span class='ocrx_word' id='word_1_220' title='bbox 333 3989 394 4072; x_wconf 90' lang='lat' dir='ltr'><strong>jus</strong></span> <span class='ocrx_word' id='word_1_221' title='bbox 420 3990 513 4072; x_wconf 84' lang='lat' dir='ltr'><strong>regis</strong></span> <span class='ocrx_word' id='word_1_222' title='bbox 546 3991 766 4073; x_wconf 89' lang='lat' dir='ltr'><strong>pertinentia,</strong></span> <span class='ocrx_word' id='word_1_223' title='bbox 797 3992 928 4056; x_wconf 84' lang='lat' dir='ltr'><strong>faciens</strong></span> <span class='ocrx_word' id='word_1_224' title='bbox 956 3992 1023 4057; x_wconf 90' lang='lat' dir='ltr'><strong>sibi</strong></span> <span class='ocrx_word' id='word_1_225' title='bbox 1052 3991 1095 4056; x_wconf 88' lang='lat' dir='ltr'><strong>de</strong></span> <span class='ocrx_word' id='word_1_226' title='bbox 1123 4012 1291 4057; x_wconf 88' lang='lat' dir='ltr'><strong>mammo-</strong></span> 
     </span>
    </p>
   </div>
   <div class='ocr_carea' id='block_1_8' title="bbox 339 4166 1291 4302">
    <p class='ocr_par' dir='ltr' id='par_1_8' title="bbox 339 4166 1291 4302">
     <span class='ocr_line' id='line_1_37' title="bbox 375 4166 1291 4231; baseline 0.004 -17"><span class='ocrx_word' id='word_1_227' title='bbox 375 4167 381 4196; x_wconf 95' lang='lat'><strong>¹</strong></span> <span class='ocrx_word' id='word_1_228' title='bbox 391 4166 552 4230; x_wconf 66' lang='lat' dir='ltr'><strong>northon]</strong></span> <span class='ocrx_word' id='word_1_229' title='bbox 580 4168 700 4229; x_wconf 86' lang='lat' dir='ltr'><strong>Ugolino,</strong></span> <span class='ocrx_word' id='word_1_230' title='bbox 712 4167 802 4230; x_wconf 84' lang='lat' dir='ltr'><strong>bishop</strong></span> <span class='ocrx_word' id='word_1_231' title='bbox 814 4167 843 4217; x_wconf 84' lang='lat' dir='ltr'><strong>ol</strong></span> <span class='ocrx_word' id='word_1_232' title='bbox 850 4167 935 4231; x_wconf 87' lang='lat' dir='ltr'><strong>Ostia,</strong></span> <span class='ocrx_word' id='word_1_233' title='bbox 946 4183 1001 4218; x_wconf 81' lang='lat' dir='ltr'><strong>was</strong></span> <span class='ocrx_word' id='word_1_234' title='bbox 1012 4167 1150 4217; x_wconf 84' lang='lat' dir='ltr'><strong>enthroned</strong></span> <span class='ocrx_word' id='word_1_235' title='bbox 1160 4167 1187 4216; x_wconf 89' lang='lat' dir='ltr'><strong>in</strong></span> <span class='ocrx_word' id='word_1_236' title='bbox 1198 4167 1291 4218; x_wconf 84' lang='lat' dir='ltr'><strong>March</strong></span> 
     </span>
     <span class='ocr_line' id='line_1_38' title="bbox 339 4236 776 4302; baseline 0.009 -17"><span class='ocrx_word' id='word_1_237' title='bbox 339 4240 411 4302; x_wconf 76' lang='lat'><strong>1227,</strong></span> <span class='ocrx_word' id='word_1_238' title='bbox 422 4236 473 4286; x_wconf 91' lang='lat' dir='ltr'><strong>and</strong></span> <span class='ocrx_word' id='word_1_239' title='bbox 481 4238 542 4287; x_wconf 88' lang='lat' dir='ltr'><strong>died</strong></span> <span class='ocrx_word' id='word_1_240' title='bbox 554 4239 580 4287; x_wconf 89' lang='lat' dir='ltr'><strong>in</strong></span> <span class='ocrx_word' id='word_1_241' title='bbox 591 4237 694 4299; x_wconf 78' lang='lat' dir='ltr'><strong>August</strong></span> <span class='ocrx_word' id='word_1_242' title='bbox 704 4241 776 4289; x_wconf 76' lang='lat'>1241.</span> 
     </span>
    </p>
   </div>
   <div class='ocr_carea' id='block_1_9' title="bbox 0 0 1438 4866">
    <p class='ocr_par' dir='ltr' id='par_1_9' title="bbox 0 0 1438 4866">
     <span class='ocr_line' id='line_1_39' title="bbox 0 0 1438 4866; baseline 0 0"><span class='ocrx_word' id='word_1_243' title='bbox 0 0 1438 4866; x_wconf 95' lang='lat' dir='ltr'><strong> </strong></span> 
     </span>
    </p>
   </div>
  </div>
 </body>
</html>
