2864 4866
361 396 428 464 280
616 411 751 460 nocant
775 411 822 458 nu
844 408 1051 460 wsuoovna

201 585 325 630 nunu.
364 590 441 634 cum
472 569 637 654 oppidum
665 568 834 646 circuiret,
866 568 1049 651 conspexit
1079 588 1157 632 eum
1187 568 1317 633 Balde-

202 639 350 762 ιῖῗιῖῗψ
364 672 477 735 winus
500 671 543 735 de
564 670 716 752 Gysncs,
742 670 840 733 miles
865 676 1041 746 strenuus,
1066 669 1122 732 cui
1145 689 1209 732 rex
1227 668 1314 732 illud

201 740 308 790 mm*
365 770 627 836 custodiendum
666 769 885 835 commiserat
930 789 1008 833 cum
1050 768 1316 833 Pictavensibus

364 872 495 948 multis,
535 877 570 935 et
604 869 804 951 intelligens
844 889 914 952 quo
953 868 1184 933 Marescallus
1226 876 1315 947 crat,

365 992 467 1055 quem
485 971 573 1034 vidit
594 970 775 1034 castellum
795 989 873 1033 cum
891 971 1011 1052 paucis
1032 970 1227 1053 explorare,
1253 989 1316 1034 ex-

364 1071 430 1136 ivit
455 1090 534 1136 cum
556 1069 649 1133 mille
671 1069 754 1133 viris
780 1068 975 1134 fortissimis
998 1077 1033 1135 et
1056 1071 1234 1152 eleganter
1259 1090 1315 1134 ar-

364 1173 480 1250 matis,
509 1178 544 1235 et
571 1170 693 1253 rapido
718 1188 883 1251 equorum
910 1189 1013 1234 cursu
1040 1169 1083 1233 ad
1110 1171 1208 1234 illum
1238 1177 1316 1234 ten-

365 1272 450 1336 dens
470 1277 609 1355 captum
628 1290 705 1334 cum
726 1269 799 1334 suis
819 1271 978 1334 omnibus
994 1270 1037 1334 ad
1053 1271 1215 1352 oppidum
1236 1291 1315 1353 per·

365 1372 489 1437 ducere
505 1371 693 1454 cogitabat.
744 1369 915 1435 Videntes
932 1378 1048 1435 autem
1063 1371 1315 1436 commilitones

365 1473 500 1537 comitis
523 1471 723 1536 Marescalli
748 1470 867 1535 hostes
886 1490 963 1535 cum
985 1470 1116 1553 impetu
1138 1471 1316 1550 advenire,

365 1572 533 1636 dederunt
550 1573 581 1636 ei
598 1571 792 1648 consilium,
814 1577 854 1636 ut
876 1572 942 1634 sibi
963 1590 1025 1655 per
1046 1570 1164 1651 fugam
1190 1591 1316 1636 consu-

365 1673 463 1751 leret,
488 1671 721 1737 inconsultum
744 1671 897 1736 dicentes
921 1691 998 1735 cum
1025 1671 1146 1753 paucis
1169 1673 1313 1738 armatis

365 1794 443 1837 cum
469 1779 522 1838 tot
551 1773 707 1836 hostibus
732 1771 912 1852 dimicare;
945 1772 1071 1854 quibus
1101 1773 1312 1855 respondens

366 1873 594 1938 Marescallus
616 1872 718 1948 dixit,
746 1891 784 1936 se
806 1891 982 1955 nunquam
1006 1878 1149 1936 eatenus
1169 1873 1205 1936 in
1225 1893 1315 1956 prae·

364 1974 412 2038 lio
429 1974 585 2038 hostibus
608 1979 706 2053 terga
728 1971 887 2052 dedisse3
910 1992 973 2037 nec
996 1992 1034 2036 se
1055 1973 1156 2038 modo
1181 1972 1217 2038 id
1241 1974 1314 2038 fac-

365 2081 480 2138 turum
517 2072 674 2148 affirmat,
715 2072 904 2137 exhortans
943 2092 1074 2150 omnes,
1104 2080 1145 2137 ut
1167 2074 1315 2139 viriliter

365 2174 555 2239 defensioni
588 2179 764 2249 vacarent,
798 2192 841 2236 ne
873 2174 1079 2238 morirentur
1104 2174 1218 2239 inulti.
1263 2172 1316 2240 At

365 2275 544 2339 castellani
570 2272 708 2337 interim
734 2272 772 2336 in
795 2291 854 2337 eos
880 2272 1015 2338 fortiter
1042 2275 1213 2338 irruentes
1235 2294 1315 2340 cum

364 2376 493 2440 lanceis
509 2382 545 2439 et
560 2373 686 2457 gladiis
703 2392 777 2436 rem
800 2373 962 2455 agebant.
1016 2373 1074 2439 Fit
1089 2375 1315 2456 gravissimus

362 2476 545 2557 utrobique
569 2473 763 2552 conflictus,
789 2474 849 2538 sed
878 2475 979 2538 nimis
1008 2474 1201 2557 inaequalis,
1232 2475 1313 2542 dum

363 2581 500 2639 centum
519 2573 733 2638 solummodo
755 2573 822 2639 viri
844 2582 967 2639 contra
988 2574 1081 2639 mille
1096 2575 1314 2641 adversarios

363 2676 397 2738 in
428 2675 537 2738 multo
568 2674 638 2738 dici
670 2674 784 2757 spatio
817 2674 1038 2740 dimicabant.
1090 2675 1314 2743 Baldewinus

362 2795 445 2840 vero
470 2776 513 2840 de
536 2774 674 2858 Gysnes
700 2774 851 2851 tandem,
881 2775 1062 2840 associatis
1091 2776 1157 2840 sibi
1182 2777 1313 2843 duode-

362 2877 428 2941 cim
444 2876 670 2941 bellatoribus
688 2874 884 2940 fortissimis
907 2883 941 2940 et
959 2875 1137 2957 eleganter
1157 2879 1315 2957 armatis,

362 2977 527 3061 impetum
548 2976 680 3041 faciens
699 2977 736 3039 in
757 2976 918 3040 comitem
936 2975 1183 3040 Marescallum
1201 2978 1315 3043 voluit

362 3066 476 3160 ipsum
500 3077 565 3141 sub
585 3078 747 3162 captione
769 3076 968 3140 conclusum
986 3077 1103 3141 vivum
1126 3077 1314 3160 perducere

362 3179 405 3241 ad
432 3177 638 3257 castellum;
669 3176 730 3240 sed
755 3175 814 3239 illc
835 3175 952 3240 hostes
978 3196 1047 3241 non
1063 3177 1219 3259 permisit
1234 3199 1314 3262 pro-

362 3279 440 3360 pius
468 3277 643 3356 accedere,
669 3276 820 3359 gladium
850 3277 991 3339 vibrans
1018 3295 1041 3340 a
1065 3276 1197 3341 dextris
1227 3285 1264 3342 et
1291 3300 1313 3344 a

363 3378 523 3456 sinistris,
541 3378 613 3456 sed,
629 3396 863 3461 quoscumque
886 3396 964 3439 cum
990 3375 1049 3440 illo
1074 3378 1312 3460 contingebat,

362 3484 424 3541 aut
438 3479 475 3541 in
489 3486 616 3543 terram
630 3485 787 3542 mortuos
801 3477 1041 3559 prosternebat
1064 3483 1126 3541 aut
1143 3480 1312 3544 attonitos

361 3579 491 3642 ictuum
519 3578 696 3643 collisione
720 3576 898 3653 reddebat,
924 3585 959 3640 et
985 3576 1035 3641 sic
1064 3577 1160 3642 solus
1190 3586 1313 3645 contra

361 3678 553 3755 duodecim,
578 3686 613 3742 et
638 3677 689 3741 illi
715 3685 836 3741 contra
860 3677 983 3754 solum,
1008 3677 1138 3742 diutius
1159 3678 1313 3744 decerta-

361 3779 457 3842 bant.
509 3777 750 3855 Seddemum,
778 3796 855 3841 cum
883 3778 1029 3842 adeum
1057 3778 1220 3842 accedere
1243 3800 1313 3845 non

361 3878 539 3955 auderent,
561 3899 640 3943 cum
662 3878 793 3943 lanceis
817 3879 889 3942 suis
914 3897 1052 3962 equum,
1067 3876 1102 3941 in
1121 3898 1190 3961 quo
1214 3880 1313 3945 sedc-

360 3980 433 4056 bat,
460 3987 708 4062 peremerunt3
742 3978 803 4042 sed
836 3979 906 4057 ille,
937 3978 997 4062 qui
1026 3979 1148 4043 doctus
1176 3987 1252 4044 crat
1276 3979 1313 4044 in

359 4079 487 4163 praeliis
513 4079 720 4158 Gallicanis,
739 4079 884 4143 militem
909 4080 1081 4162 quendam
1100 4079 1165 4144 sibi
1184 4080 1315 4164 impor-

357 4187 478 4245 tunum
501 4202 563 4265 per
584 4182 706 4266 pedem
730 4180 888 4264 arripuit,
911 4200 1012 4263 quem
1035 4200 1113 4245 cum
1129 4180 1166 4245 in
1184 4188 1314 4247 terram
