2864 4866
339 408 408 474 270
602 423 737 472 uocem
762 424 808 470 on
832 421 1040 471 wnuoovna

180 595 235 635 AJJ·
246 596 302 634 ¹²³³·
343 584 485 648 militem
500 591 690 661 strenuum,
702 582 761 665 qui
771 582 924 666 ejusdem
937 581 1107 647 Gileberti
1121 576 1293 648 ¹sororem

342 685 464 749 habuit
493 683 559 748 sibi
591 681 810 747 matrimonio
842 682 1040 765 copulatam
1073 684 1148 748 sine
1180 684 1291 767 ipsius

342 784 495 862 licentia,
523 791 562 847 ut
588 782 736 859 dicebat,
762 783 868 866 jussit
890 802 954 846 rex
981 783 1059 865 capi
1090 791 1125 847 et
1151 791 1292 866 captum

343 885 408 948 sibi
423 883 637 966 praesentari.
690 882 789 947 Alios
815 882 953 965 quidem
977 902 1095 946 omnes
1121 884 1163 947 de
1185 904 1293 966 regno

343 984 475 1049 nobiles
492 990 527 1048 et
545 989 705 1067 potentes
721 989 901 1066 suspectos
924 982 1055 1047 habens
1078 984 1214 1047 obsides
1232 1003 1293 1047 ex-

343 1084 415 1165 egit
434 1085 477 1148 ab
500 1083 562 1161 eis,
583 1084 783 1165 significans
800 1083 972 1147 universis
986 1103 1049 1166 per
1062 1082 1182 1147 literas
1196 1103 1291 1159 suas,

343 1191 514 1266 quatenus
535 1185 626 1247 infra
640 1182 808 1247 kalendas
822 1181 974 1265 Augusti
992 1189 1046 1247 tot
1064 1190 1100 1247 et
1114 1184 1202 1247 tales
1225 1184 1292 1247 sibi

342 1284 479 1348 obsides
496 1290 759 1366 praesentarent,
781 1283 905 1365 quibus
928 1284 971 1346 ab
991 1283 1067 1367 ejus
1084 1284 1199 1349 animo
1218 1304 1291 1349 om·

342 1403 421 1448 nem
436 1383 631 1448 rebellionis
649 1382 878 1466 suspicionem
893 1383 1080 1448 auferrent.

400 1557 492 1634 Quod
504 1557 711 1624 Marescallus
719 1556 926 1643 premunitus
941 1556 983 1621 sit
999 1556 1036 1620 de
1043 1555 1231 1641 proditioue.

180 1678 278 1768 ffihffl
393 1682 550 1767 Cumque
566 1683 707 1747 comites
727 1702 768 1747 ac
788 1684 936 1746 barones
950 1679 1090 1764 Angliae
1106 1682 1143 1744 in
1163 1701 1289 1763 magno

179 1778 318 1879 fflffi,
342 1784 474 1853 militiae
489 1792 671 1867 apparatu
689 1782 888 1846 Londonias
916 1781 1096 1846 tenderent
1119 1782 1163 1846 ad
1187 1782 1291 1846 collo-

180 1879 329 1930 ΜΨ·
343 1884 461 1968 quium
485 1882 643 1948 kalendis
668 1883 819 1964 Augusti
839 1883 905 1946 sibi
924 1881 1120 1964 praefixum,
1144 1881 1291 1945 Richar-

343 1986 407 2050 dus
434 2004 547 2049 comes
572 1983 801 2047 Marescallus
824 2002 902 2046 eum
924 1981 1059 2045 caeteris
1074 1981 1191 2046 venire
1211 2001 1291 2064 pro-

342 2103 474 2168 ponens
505 2084 701 2167 hospitatus
731 2089 785 2146 est
812 2101 889 2146 cum
914 2074 1051 2146 ²sorore
1078 2099 1154 2155 sua,
1182 2100 1292 2145 uxore

343 2185 474 2249 scilicet
491 2183 658 2248 Richardi
682 2183 799 2246 fratris
823 2182 935 2263 regis;
963 2200 1134 2265 quaecum
1149 2180 1291 2244 fratrem

343 2285 604 2366 interrogasset,
629 2304 699 2367 quo
731 2282 797 2348 iter
825 2282 978 2360 haberet,
1015 2280 1193 2363 respondit
1221 2281 1291 2358 ille,

344 2384 436 2467 quod
452 2384 496 2447 ad
513 2383 722 2466 colloquium
738 2383 829 2466 apud
844 2381 1195 2447 Westmonasterium
1212 2399 1292 2444 con·

343 2484 505 2547 stitutum
532 2484 650 2549 venire
676 2483 867 2553 festinaret,
920 2480 986 2546 Cui
1007 2482 1080 2558 illa,
1105 2481 1291 2559 ‘Noveris

343 2583 451 2646 frater
468 2583 655 2662 carissime,
684 2582 777 2666 quod
800 2588 932 2665 paratae
955 2589 1037 2646 sunt
1055 2581 1120 2645 tibi
1144 2581 1290 2657 insidiae,

343 2683 374 2745 si
398 2683 529 2759 veniaS,
559 2689 600 2746 ut
633 2683 781 2766 capiaris
809 2683 853 2745 ab
883 2681 1031 2745 inimicis
1062 2681 1144 2759 tuis,
1170 2683 1230 2764 qui
1256 2688 1291 2745 te

342 2783 416 2863 regi
431 2790 467 2847 et
479 2781 642 2865 episcopo
657 2781 889 2849 Wintoniensi
904 2782 1178 2864 praesentabunt,
1194 2787 1234 2844 ut
1248 2781 1291 2845 de

346 2888 380 2946 te
395 2883 537 2960 faciant,
555 2883 646 2947 sicut
661 2883 704 2946 de
721 2881 882 2946 Huberto
905 2882 1029 2946 comite
1047 2880 1180 2945 Cantiae
1201 2881 1291 2946 fece-

342 2983 449 3047 runt!
516 2982 744 3046 Marescallus
766 3001 849 3047 vero
871 2982 933 3046 vix
954 2982 1093 3045 credere
1118 2983 1291 3046 consensit

343 3082 458 3146 verbis
481 3083 609 3147 sororis
632 3102 716 3159 suae,
742 3101 923 3165 quousque
954 3081 1095 3145 modum
1120 3081 1291 3163 captionis

343 3189 379 3247 et
398 3201 420 3246 a
445 3201 514 3265 quo
540 3188 721 3264 caperetur
745 3180 979 3265 probabilibus
999 3181 1211 3263 argumentis
1236 3200 1291 3246 os-

342 3282 464 3347 tendit.
515 3280 566 3348 At
581 3302 695 3346 comes
714 3281 942 3346 Marescallus
960 3289 1044 3346 tunc
1060 3282 1171 3364 primo
1188 3281 1289 3345 dictis

342 3383 470 3446 sororis
489 3401 562 3446 suae
589 3382 691 3446 fidem
709 3382 875 3446 adhibens
899 3390 1001 3446 nocte
1027 3381 1292 3464 superveniente

343 3481 410 3545 iter
433 3482 589 3565 arripuit,
617 3502 679 3546 nec
703 3483 799 3565 prius
821 3482 967 3547 fraenum
994 3481 1158 3557 cohibuit,
1179 3480 1288 3545 donec

341 3580 377 3644 in
399 3581 565 3647 Walliam
590 3582 736 3647 festinus
756 3582 873 3646 viator
897 3583 1066 3664 pervenit.
1107 3580 1290 3645 Venerunt

343 3689 458 3746 autem
481 3681 525 3745 ad
544 3682 753 3765 colloquium
775 3682 975 3764 praedictum
994 3700 1108 3746 comes
1128 3680 1290 3746 Cestren·

342 3780 403 3858 sis,
427 3801 541 3845 comes
568 3779 829 3859 Lincolniensis,
854 3801 968 3847 comes
996 3782 1038 3845 de
1058 3781 1227 3845 Ferrariis
1254 3787 1289 3845 et

342 3899 457 3944 comes
478 3880 673 3945 Richardus
693 3882 800 3946 frater
824 3882 927 3964 regis,
950 3901 1029 3946 cum
1055 3881 1132 3945 aliis
1155 3881 1289 3946 comiti·

342 3981 405 4044 bus
421 3988 456 4045 et
470 3982 656 4045 baronibus
677 3982 808 4060 multis,
831 3982 892 4047 sed
914 3982 999 4045 nihil
1021 3981 1068 4046 ibi
1085 3988 1201 4046 actum
1224 3981 1289 4047 fuit

377 4154 386 4187 ¹
390 4157 528 4278 germem]
554 4159 630 4208 Paris
650 4158 715 4208 adds
736 4157 802 4208 ‘aut
862 4154 1192 4222 'Sororeareu.]‘lsabella;’
1205 4159 1289 4210 Paris.

340 4241 389 4290 nep
415 4242 450 4280 m.
