2864 4866
448 401 586 449 mouns
610 400 877 449 nrsrcnmnuu.
1070 385 1136 451 289

183 559 268 623 nibil
297 559 435 624 omnino
465 560 577 623 facere
609 579 760 642 possum,
788 561 879 643 quod
907 560 950 624 ad
981 561 1132 643 aliquam
1146 575 1269 616 anum

183 659 341 723 stabilem
360 661 622 725 conventionem
639 659 836 741 pertineat!

259 833 417 909 Quocirca
432 833 792 996 Anplorumlguitlcpud
810 832 1009 901 amomum
1025 835 1071 900 ad

632 941 687 997 cta
718 980 724 995 .

238 1055 341 1132 Anno
360 1056 501 1121 Domini
518 1073 744 1134 mccxxxlv„
761 1059 820 1141 qui
838 1067 891 1123 est
907 1079 1019 1122 annus
1035 1060 1133 1142 regni
1146 1074 1201 1164 1⁸1⁰
1213 1075 1268 1164 12134·

189 1156 345 1233 chrici,
366 1157 457 1238 regis
472 1154 679 1238 Anglorum,
697 1157 849 1223 decimus
867 1167 1023 1236 octavus,
1043 1159 1133 1223 idem
1146 1136 1295 1264 gffipgii

188 1276 251 1321 rex
265 1257 309 1321 ad
325 1255 455 1320 Natale
471 1256 582 1320 tenuit
600 1257 731 1320 curiam
753 1277 853 1321 suam
873 1259 965 1340 apud
987 1257 1134 1323 Glovcr-
1270 1250 1276 1262 ’

188 1357 281 1420 niam
309 1375 384 1419 cum
411 1374 520 1438 parvo
544 1356 728 1421 admodum
759 1358 937 1434 comitatu,
968 1359 1051 1440 quia
1079 1378 1133 1421 re-

189 1462 365 1520 cesserant
396 1455 439 1518 ab
471 1475 512 1519 eo
546 1463 725 1537 magnates
757 1456 869 1532 multi,
900 1458 960 1540 qui
994 1457 1133 1540 spoliati

190 1564 289 1619 erant
310 1554 414 1638 paulo
437 1562 517 1618 ante
548 1574 569 1617 a
596 1555 698 1618 rebus
726 1556 883 1620 omnibus
909 1557 1000 1639 apud
1025 1556 1133 1622 Gros-

191 1662 290 1717 munt
311 1653 501 1728 castellum,
528 1654 617 1717 sicut
642 1655 801 1737 superius
827 1655 973 1719 habetur
995 1676 1134 1740 expres-

190 1773 278 1816 sum.
353 1752 432 1832 Quo
464 1753 584 1835 utique
612 1760 764 1837 tempore
798 1755 904 1836 coepit
933 1762 1024 1819 terra
1054 1756 1133 1837 gelu

191 1854 346 1934 graviter
368 1852 569 1933 constringi,
591 1853 642 1916 ita
664 1854 755 1935 quod
782 1853 899 1935 fruges
921 1854 1135 1919 suffocaban-

193 1961 250 2016 tur
269 1953 305 2015 in
324 1952 430 2034 agris,
447 1950 580 2015 radices
595 1951 777 2015 herbarum
791 1954 829 2017 in
849 1953 969 2031 bortis,
985 1962 1020 2017 et
1035 1955 1134 2037 quasi

193 2051 335 2134 pedibus
357 2058 505 2134 quatuor
527 2052 563 2113 in
586 2051 689 2114 humo
709 2052 834 2116 infixas
860 2053 991 2117 radices
1013 2055 1049 2116 in
1072 2074 1134 2134 po·

193 2151 307 2214 meriis
330 2149 530 2225 desiccavit,
549 2152 639 2232 quod
664 2170 772 2233 usque
795 2151 839 2215 ad
862 2153 1134 2234 purificationem

193 2251 304 2313 beatae
332 2249 455 2312 Mariae
486 2249 616 2332 absque
642 2251 722 2314 nive
749 2271 786 2314 se
809 2252 1014 2315 continuans
1045 2252 1136 2334 agri-

192 2348 362 2413 culturam
385 2348 585 2429 suspendit3
613 2356 733 2413 secuta
754 2357 807 2414 est
825 2357 940 2414 autem
958 2351 1075 2414 eodem
1099 2352 1134 2413 in

192 2467 284 2511 anno
314 2455 413 2510 tanta
446 2447 535 2510 aeris
566 2454 601 2511 et
628 2448 872 2513 elementorum
904 2450 1135 2531 intemperies

193 2547 285 2630 quod
311 2546 528 2611 sterilitatem
553 2566 665 2611 rerum
691 2548 843 2612 omnium
871 2550 913 2612 de
935 2557 1028 2614 terra
1056 2569 1136 2613 nas·

194 2647 343 2710 centium
365 2646 568 2710 mortalibus
585 2647 805 2713 ministravit.

273 2821 364 2896 Quod
375 2820 583 2887 Marcsmllus
599 2819 708 2885 mltos
722 2841 758 2884 cc
773 2818 906 2885 domibus
916 2821 1057 2905 peremit.

247 2945 290 3019 In
314 2946 465 3009 crastino
485 2946 621 3028 quidem
644 2944 711 3008 diei
728 2945 921 3009 Dominicae
944 2944 1138 3009 nativitatis
1151 2963 1262 3003 sumre·

195 3044 219 3109 J
222 3044 375 3109 ohannes
388 3043 674 3136 Monemutensis,
683 3043 736 3107 vir
749 3045 885 3120 nobilis
897 3044 956 3126 qui
967 3064 1045 3108 cum
1056 3063 1138 3125 rege
1150 3014 1250 3103 lilla.

195 3144 366 3208 militabat
381 3141 417 3206 in
428 3142 571 3221 Wallia,
586 3141 762 3226 copiosum
780 3143 920 3224 collegit
936 3143 1136 3217 exercitum,

196 3251 235 3308 ut
251 3242 416 3307 furtivum
432 3243 559 3306 faceret
574 3242 741 3325 impetum
762 3242 797 3304 in
820 3242 978 3306 comitem
1005 3241 1139 3305 Mares-

195 3342 341 3421 callum;
368 3340 441 3418 sed,
461 3361 539 3405 cum
565 3340 630 3404 hoc
653 3340 860 3404 Marescallo
887 3348 979 3405 essct
1000 3341 1137 3404 intima-

196 3449 282 3517 tum,
298 3441 391 3504 misit
412 3459 449 3503 se
473 3441 510 3503 in
527 3440 675 3522 quadam
698 3439 798 3516 silva,
819 3450 1000 3522 perquam
1023 3439 1139 3504 hostes

199 3541 333 3605 venturi
358 3546 468 3614 erant,
494 3546 534 3602 ut
555 3558 615 3603 cos
637 3537 826 3615 deluderet,
847 3539 908 3621 qui
930 3537 1026 3600 illum
1048 3538 1139 3601 deci-

198 3659 278 3723 pere
297 3639 509 3720 cogitabant.
563 3636 651 3702 Cum
675 3637 782 3719 igitur
803 3637 991 3701 adversarii
1013 3657 1142 3701 memo·

197 3737 266 3802 rati
291 3736 335 3801 ad
358 3738 471 3802 locum
497 3736 699 3801 insidiarum
728 3737 978 3818 pervenissent,
1007 3736 1141 3800 Mares·

198 3837 307 3902 callus
335 3842 371 3900 et
393 3837 565 3900 exercitus
597 3835 673 3919 ejus
697 3841 792 3900 totus
824 3836 1006 3917 strepitum
1033 3835 1140 3899 borri-

198 3937 301 4001 bilem
319 3955 398 3998 cum
416 3936 508 3999 tubis
531 3935 727 3998 emittentes
750 3941 785 3997 ct
802 3935 954 3998 buccinis
974 3935 1010 3996 in
1026 3934 1142 3997 hostes

199 4037 335 4099 irruunt
350 4033 529 4099 venientes
552 4041 586 4098 ct
603 4053 669 4097 non
690 4035 914 4116 praemunitos
935 4053 1052 4097 omnes
1077 4033 1143 4097 illi-

251 4151 329 4198 VOL.
355 4150 399 4195 lv.
969 4151 993 4196 U
