2864 4866
337 394 381 456 16
596 408 731 456 nocam
759 409 806 455 nn
829 407 1036 456 wannovnn

546 644 595 709 Da
607 642 759 707 miracala
774 643 946 707 Domiaiae
962 643 1073 708 crucia.

389 771 433 836 In
456 771 607 835 crastino
629 777 745 835 autem
764 790 884 835 versus
907 770 1025 834 villam
1048 770 1090 835 de
1114 769 1290 834 Dunesta-

337 872 409 954 plia
426 879 542 936 castra
558 879 748 948 moventes,
770 870 949 934 ecclesiam
964 871 1058 934 beati
1075 869 1288 954 Ampbibali,

337 973 374 1035 in
401 971 485 1038 villa
514 972 557 1034 de
588 970 790 1034 Redbumia
822 971 936 1048 sitam,
969 991 1078 1054 usquc
1110 971 1154 1035 ad
1182 971 1288 1035 femo-

337 1072 425 1135 ralia
454 1071 641 1136 monachos
665 1071 888 1153 spoliabant3
922 1081 1120 1135 sanctorum
1147 1072 1288 1153 insuper

338 1172 501 1255 reliquias
527 1190 631 1253 super
655 1177 814 1234 sanctum
838 1171 949 1235 altare
975 1172 1148 1254 rapientes
1170 1170 1288 1236 funes·

338 1273 385 1336 tis
406 1291 467 1336 eas
495 1272 653 1335 manibus
684 1271 891 1354 polluerunt.
945 1270 1044 1335 Inter
1069 1290 1157 1353 quos
1182 1273 1287 1335 etiam
1388 1306 1390 1312 ,

339 1372 479 1454 quidam
497 1391 542 1435 ax
565 1371 616 1433 eis
638 1390 773 1434 crucem
795 1377 995 1452 argenteam
1019 1378 1054 1435 et
1073 1370 1287 1449 deauratam,
1369 1435 1374 1446 ,

338 1473 374 1533 in
400 1491 471 1554 qua
496 1471 610 1554 portio
637 1470 795 1553 quaedam
821 1470 1014 1534 Dominicae
1037 1471 1149 1534 crucis
1175 1473 1287 1536 conti·

339 1572 496 1649 uebatur,
521 1572 646 1636 tollens
676 1570 712 1633 in
743 1571 820 1633 sinu
845 1587 909 1634 suo
942 1569 1080 1634 funesto
1106 1569 1209 1634 sociis
1234 1571 1288 1652 ig-

339 1671 542 1739 norantibus
569 1670 761 1748 abscondit,
783 1669 855 1748 sed,
879 1676 1064 1753 antequam
1088 1671 1132 1734 ab
1155 1669 1287 1735 aedibus

338 1772 482 1836 oratorii
508 1771 718 1848 recessisset,
742 1789 764 1833 a
784 1770 954 1835 daemonio
976 1778 1135 1853 arreptus
1158 1771 1288 1835 corruit

338 1871 373 1933 in
408 1880 536 1935 terram
572 1871 732 1935 dentibus
773 1869 922 1934 stridens
952 1877 988 1933 et
1018 1889 1078 1934 ore
1110 1890 1287 1954 spumans,

338 1991 554 2054 surgensque
585 1971 790 2034 festinanter
820 1989 842 2032 a
869 1970 1039 2034 daemonio
1069 1971 1224 2052 agitatus
1250 1972 1286 2034 in

339 2072 452 2135 socios
489 2090 605 2135 ensem
643 2072 779 2135 vibrare
818 2070 1013 2152 disposuit3
1052 2077 1090 2133 at
1124 2070 1175 2134 illi
1210 2071 1286 2155 ejus

338 2172 487 2234 miseriae
509 2171 744 2248 condolentes,
766 2170 884 2252 ligatis
904 2170 1062 2233 manibus
1082 2171 1188 2246 illius,
1207 2190 1286 2234 cau·

338 2291 413 2334 sam
432 2272 570 2354 penitus
598 2271 810 2352 ignorantes,
836 2269 880 2332 ad
902 2270 1081 2333 ecclesiam
1103 2270 1145 2334 de
1170 2271 1286 2335 Flam-

338 2370 436 2434 stcde
456 2370 692 2452 perduxerunt
710 2370 745 2433 in
763 2389 923 2451 suprema
941 2369 1031 2433 furia
1049 2371 1286 2436 constitutum.

341 2469 519 2545 Intrantes
553 2477 668 2534 autem
705 2470 884 2533 ecclesiam
916 2469 1109 2552 praedoneS,
1139 2477 1179 2534 ut
1210 2491 1286 2535 eam

339 2569 541 2652 spoliarent,
568 2570 724 2634 obviavit
746 2570 927 2653 presbyter
957 2570 1100 2633 indutus
1131 2572 1286 2635 vestibus

339 2670 440 2744 albis,
470 2677 509 2734 ut
534 2669 701 2734 malitiam
731 2670 970 2752 comprimeret
993 2671 1197 2753 impiorum;
1227 2692 1287 2736 ve-

339 2776 522 2833 runtamen
541 2770 794 2852 aliquantulum
811 2769 853 2832 dc
876 2770 983 2846 socio,
1000 2790 1102 2853 quem
1118 2771 1285 2835 furiosum

340 2868 521 2946 ducebant,
545 2869 719 2952 perterriti
751 2889 871 2933 manus
900 2868 1127 2952 cohibuerunt
1151 2873 1286 2954 111ρί-

340 2988 398 3046 na,
421 2970 491 3044 ubi,
513 2969 652 3033 vidente
674 2970 876 3052 presbytero
893 2976 929 3033 et
946 2970 1064 3034 multis
1087 2970 1176 3047 aliie,
1199 2991 1287 3036 crux

339 3070 506 3152 praedicta
527 3070 650 3134 cecidit
669 3069 705 3133 in
725 3076 865 3146 terram,
883 3069 926 3133 de
948 3070 1026 3134 sinu
1048 3070 1213 3135 exsiliens
1235 3072 1288 3134 fu-

294 3242 298 3251 ,
339 3170 450 3250 riosi3
488 3190 591 3254 quam
622 3177 818 3235 reverenter
854 3189 895 3233 ac
931 3175 1074 3253 stupens
1107 3173 1288 3254 presbyter

340 3271 520 3354 arripiens,
556 3279 592 3335 et
621 3290 643 3333 a
676 3277 769 3334 terra
799 3271 834 3333 in
865 3270 995 3333 editum
1030 3271 1181 3348 elevans,
1204 3271 1286 3354 quid

339 3369 405 3434 hoc
425 3378 518 3435 esset
538 3389 560 3433 a
581 3371 803 3453 praedonibus
830 3369 1021 3452 requisivit.
1073 3369 1227 3434 Tandem
1251 3373 1287 3433 in

340 3489 377 3533 se
400 3472 528 3534 reversi
549 3476 788 3551 cognoverunt
807 3488 870 3551 per
884 3469 1049 3532 virtutem
1071 3468 1287 3535 animadver-

340 3569 446 3633 sionis
472 3569 611 3645 divinae,
635 3568 727 3650 quod
754 3589 775 3632 a
800 3566 991 3643 monacbis,
1014 3587 1101 3649 quos
1123 3567 1158 3630 in
1183 3590 1288 3652 prox·

339 3669 409 3732 ima
421 3669 506 3732 villa
521 3667 769 3751 spoliaverant,
786 3685 920 3730 crucem
937 3664 1053 3730 furtim
1067 3669 1266 3734 sustulisset
1279 3691 1288 3749 3

340 3769 377 3831 in
406 3787 541 3831 summa
570 3768 677 3849 igitur
708 3767 872 3849 angustia
901 3766 1080 3848 praedones
1109 3771 1289 3833 constituti

341 3869 527 3932 timuerunt
545 3867 658 3944 valde,
681 3868 846 3931 ucetiam
864 3867 957 3949 ipsos
975 3867 1116 3950 spiritus
1139 3889 1287 3952 nequam

340 3967 520 4031 invaderet
550 3974 596 4044 et,
624 3968 713 4032 sicut
744 3968 875 4031 socium
909 3986 1009 4029 suum
1040 3967 1180 4046 fecerat,
1213 3990 1289 4033 cru-

341 4067 459 4131 ciaret.
505 4067 604 4131 Tunc
622 4069 802 4150 praedones
822 4067 1023 4149 nequissimi
1041 4088 1175 4132 crucem
1192 4070 1288 4135 illam

341 4186 418 4229 cum
447 4175 594 4231 tremore
628 4168 830 4252 presbytero
863 4166 1090 4247 tradiderunt,
1126 4168 1290 4252 adjuran-
