2864 4866
332 419 401 485 2¹76
585 431 720 481 uocum
745 432 791 478 nn
814 431 1023 482 wnunovsn

171 609 299 653 A·1>·12³³·⁴
316 595 436 660 etiam
464 593 687 658 firmaverant
711 590 916 674 interposito
938 589 1148 674 juramento.
1201 588 1284 652 Rex

332 701 448 759 autem
477 714 555 758 cum
581 690 819 774 indignatione
849 690 1038 773 respondit,
1072 689 1163 772 quod
1194 688 1282 752 illud

333 815 403 861 non
429 794 597 870 redderet,
623 792 684 856 sed
708 792 777 855 alia
805 791 920 874 potius
949 791 1023 875 ejus
1048 790 1192 854 castella
1214 789 1283 853 sibi

334 895 549 979 subjugaret.
602 892 669 956 Sed
691 891 781 956 idem
805 891 1046 967 Marescallus,
1069 910 1147 953 cum
1170 909 1283 972 neque

334 995 436 1059 fidem
458 1012 568 1077 neque
589 993 826 1078 juramentum
842 991 898 1054 vel
920 1010 1040 1074 pacem
1063 990 1215 1072 aliquam
1230 990 1286 1054 vi-

335 1095 434 1159 derat
450 1106 471 1158 a
487 1095 577 1176 regis
600 1092 804 1158 consiliariis
823 1092 1011 1168 observari,
1026 1090 1167 1171 collegit
1185 1109 1286 1154 exer-

337 1196 441 1260 citum
459 1195 648 1277 copiosum,
664 1200 699 1256 et
715 1190 908 1268 castellum,
926 1190 1019 1273 quod
1040 1210 1140 1253 suum
1157 1189 1285 1268 fuerat,

337 1293 516 1360 obsidione
531 1292 688 1370 vallavit,
708 1291 885 1355 machinas
907 1310 968 1374 per
986 1311 1109 1376 gyrum
1128 1289 1288 1354 adhibuit

338 1403 374 1460 et
389 1394 610 1476 municipium
629 1391 715 1456 illud
735 1389 804 1456 levi
820 1391 958 1472 negotio
981 1390 1046 1454 sibi
1068 1390 1285 1474 subjugavit.

389 1494 476 1558 Erat
501 1494 633 1558 interea
656 1512 718 1556 rex
743 1490 834 1574 apud
862 1490 1209 1556 westmonasterium
1240 1491 1286 1555 ad

339 1593 547 1677 colloquium
574 1592 720 1675 septimo
740 1590 818 1655 idus
842 1589 1014 1668 OctobriS,
1036 1591 1127 1654 sicut
1143 1611 1288 1673 magna·

339 1695 432 1758 tibus
454 1694 670 1777 promiserat,
692 1699 731 1756 ut
751 1711 812 1774 per
832 1711 949 1754 eorum
970 1691 1148 1755 consilium
1170 1712 1287 1756 emen-

339 1793 438 1858 daret
454 1813 507 1871 ea,
529 1793 664 1875 quaein
687 1812 794 1873 regno
816 1791 954 1854 fueraut
973 1791 1198 1873 corrigenda;
1224 1794 1286 1857 sed

339 1893 508 1977 iniquum,
525 1892 617 1975 quod
629 1899 711 1956 tunc
728 1892 948 1974 sequebatur,
964 1891 1146 1956 consilium
1163 1893 1198 1956 id
1212 1892 1288 1958 fieri

339 2014 409 2058 non
428 1993 595 2076 permisit.
649 1992 774 2057 Plures
794 1998 909 2055 autem
933 1991 1099 2076 episcopi,
1121 1993 1182 2075 qui
1199 2013 1288 2076 prae-

340 2100 456 2158 sentes
473 2099 584 2170 erant,
600 2113 716 2174 regem
733 2091 908 2156 humiliter
923 2093 1096 2173 rogabant
1111 2093 1148 2155 in
1165 2093 1287 2158 Domi·

340 2213 398 2271 no,
418 2202 589 2277 quatenus
616 2211 735 2276 pacem
758 2191 887 2256 faceret
905 2211 983 2255 cum
1005 2193 1192 2256 baronibus
1215 2194 1287 2258 suis

279 2288 285 2294 ’
341 2300 376 2358 et
390 2293 573 2368 nobilibus
596 2312 683 2376 quos
704 2293 836 2375 absque
845 2291 978 2376 judicio
993 2293 1129 2375 parium
1145 2313 1287 2358 suorum

340 2393 557 2471 exulaverat,
568 2393 670 2458 villas
694 2413 813 2458 eorum
832 2400 867 2456 et
887 2391 1031 2456 aedificia
1055 2393 1137 2474 igne
1158 2413 1286 2459 crema-

339 2500 451 2571 verat,
480 2493 586 2559 silvas
617 2501 652 2558 et
681 2493 835 2577 pomeria
867 2491 1073 2570 succiderat,
1101 2513 1226 2576 parcos
1252 2502 1289 2560 et

340 2599 467 2676 stagna
480 2591 710 2658 destruxerat.
763 2591 962 2656 Proditores
981 2612 1040 2657 eos
1051 2594 1211 2671 vocabat,
1228 2615 1290 2678 per

340 2710 428 2775 quos
450 2711 571 2776 pacem
592 2694 689 2775 regni
711 2692 765 2756 sui
788 2700 823 2757 et
839 2691 984 2757 consilia
999 2693 1159 2758 ordinare
1176 2701 1212 2758 et
1227 2715 1288 2760 ne-

340 2793 438 2874 gotia
463 2793 645 2875 disponere
678 2793 834 2857 debebat.
886 2789 943 2856 Ad
975 2792 1049 2858 haec
1077 2794 1289 2877 respondens

341 2892 479 2970 Petrus,
494 2892 745 2957 Wintoniensis
768 2893 960 2975 episcopus,
979 2893 1081 2971 dixit,
1103 2894 1194 2977 quod
1218 2916 1289 2960 non

339 3000 425 3057 sunt
436 3012 538 3076 pares
553 2993 588 3056 in
605 2990 749 3075 Anglia,
766 2993 856 3057 sicut
874 2991 911 3055 in
927 3012 1034 3074 regno
1051 2994 1262 3060 Francorum
1276 3015 1287 3075 ;

340 3092 430 3157 unde
451 3093 532 3156 licet
556 3093 631 3173 regi
653 3091 846 3174 Anglorum
872 3112 934 3174 per
951 3092 1177 3176 justiciarius,
1199 3116 1288 3178 quos

340 3192 569 3270 constituerit,
594 3193 767 3276 quoslibet
790 3192 832 3256 de
859 3212 967 3274 regno
989 3212 1065 3257 reos
1087 3195 1232 3260 exulare
1253 3205 1291 3262 et

340 3292 512 3356 mediante
539 3292 672 3376 judicio
704 3280 943 3357 condemnare.
1004 3293 1169 3378 Episcopi
1200 3316 1289 3379 quo·

339 3411 407 3474 que
433 3391 508 3456 haec
527 3392 706 3457 audientes
729 3393 829 3475 quasi
845 3383 916 3456 una
930 3412 1014 3457 voce
1030 3396 1290 3461 comminaban-

339 3497 408 3569 tur,
442 3492 534 3574 quod
565 3490 766 3556 nominatim
795 3494 1132 3558 excommunicarent
1163 3496 1290 3578 princi·

338 3591 435 3672 pales
460 3593 552 3671 regis
579 3592 794 3656 consiliarios
821 3593 979 3675 iniquos;
1014 3613 1059 3656 ex
1094 3595 1219 3676 quibus
1250 3596 1289 3661 in

339 3691 453 3773 capito
475 3698 721 3775 expresserunt
743 3692 899 3769 Petrum,
915 3691 1192 3792 wintoniensem
1215 3697 1290 3779 epi·

338 3807 492 3872 scopum,
510 3790 667 3855 etlilium
691 3791 766 3874 ejus
790 3791 934 3856 Petrum
957 3791 999 3856 de
1023 3792 1185 3872 Rivallis,
1208 3795 1288 3861 Ste-

338 3887 490 3970 phanum
510 3890 552 3954 de
571 3891 737 3976 Segrave,
760 3891 1006 3976 justiciarium,
1032 3900 1067 3958 et
1091 3894 1287 3963 Robertum

338 3986 545 4068 Passelewe,
574 3991 839 4056 thesaurarium.
904 3991 1041 4072 Quibus
1076 3996 1291 4078 respondens

338 4086 465 4152 Petrus
479 4089 731 4155 Wintoniensis
755 4091 922 4174 allegavit
945 4093 1036 4174 quod
1065 4093 1188 4159 Romae
1212 4095 1288 4161 fue·

336 4196 391 4253 rat
414 4208 435 4252 a
458 4209 593 4255 summo
616 4191 779 4275 pontifice
801 4193 994 4276 episcopus¹
1007 4201 1230 4260 consecratus
1254 4205 1290 4263 et
