2864 4866
341 389 385 455 48
597 403 731 452 nocnnr
757 403 803 450 nn
826 400 1033 450 wunnovnn
1110 412 1113 416 ⁸

180 581 302 642 anuo.
343 562 435 644 quod
469 561 537 626 illis
568 561 779 637 imminebat,
803 558 1019 624 attendentes
1042 559 1152 640 ripam
1176 555 1294 621 flumi-

179 631 294 721 hihii't‘a
343 662 397 724 nis
415 661 574 726 fidelibus
595 661 790 744 oppositam
810 659 952 724 fossatis
975 665 1009 722 et
1025 657 1191 739 argillosa
1213 676 1290 721 ma·

342 761 430 825 teria
459 781 538 825 cum
568 759 839 844 propugnaculis
867 758 992 840 ligneis
1025 764 1060 821 et
1082 758 1185 821 rebus
1208 757 1289 821 aliis

340 861 548 939 munierunt,
570 860 747 925 machinas
763 879 842 923 eum
863 857 1022 940 petrariis
1042 858 1198 921 locantes
1221 856 1288 921 ibi·

342 959 432 1037 dem,
464 980 526 1044 per
556 961 670 1026 locum
698 960 794 1024 illum
825 957 1027 1022 transeundi
1057 976 1154 1040 spem
1183 956 1295 1021 omni-

342 1060 479 1124 modam
512 1060 669 1125 fidelibus
701 1058 907 1123 auferentes.
958 1056 992 1122 A
1022 1056 1139 1122 casali
1171 1056 1291 1135 etiam,

342 1160 435 1241 quod
462 1180 524 1243 per
553 1160 686 1224 miliare
711 1158 782 1223 fere
811 1158 964 1222 distabat
992 1175 1015 1221 a
1047 1156 1202 1234 civitate,
1229 1158 1291 1221 ubi

343 1278 435 1324 nova
462 1260 537 1324 haec
563 1260 710 1324 munitio
736 1258 997 1334 terminabatur,
1024 1276 1087 1340 per
1110 1264 1288 1321 transver-

342 1378 419 1422 sum
435 1359 586 1424 fluminis
609 1359 749 1423 navium
772 1358 925 1422 fecerant
944 1357 1195 1435 subversiones,
1212 1375 1291 1419 eum

343 1459 433 1541 palis
449 1461 580 1542 gurgiti
592 1461 739 1524 latenter
752 1458 869 1521 infixis
882 1478 891 1537 3
915 1455 976 1520 sed
988 1451 1131 1520 ¹Christi
1149 1456 1290 1534 milites,

343 1577 495 1640 cogones
511 1580 589 1624 cum
606 1558 795 1623 castellulis
813 1577 853 1621 ac
870 1555 1153 1640 propugnaculis,
1175 1574 1290 1620 arma-

344 1657 389 1725 tis
405 1660 528 1724 muniti
550 1659 788 1735 bellatoribus,
811 1677 888 1720 cum
912 1656 1034 1738 galeiis
1057 1655 1204 1738 aliisque
1225 1675 1290 1719 na·

342 1757 445 1822 vibus
462 1759 764 1841 subsequentibus,
784 1757 1006 1840 praescriptas
1023 1755 1289 1834 submersiones,

345 1856 484 1922 Christo
508 1859 607 1936 duce,
637 1858 775 1942 penitus
799 1862 994 1921 evaserunt.
1049 1855 1181 1920 Hostes
1206 1875 1293 1920 vero

343 1956 433 2036 fidei,
450 1960 542 2023 omni
559 1966 653 2023 metu
675 1956 904 2034 dissimulato,
923 1963 994 2020 tres
1016 1957 1153 2020 ordines
1177 1974 1293 2019 arma·

343 2064 455 2142 torum
480 2060 623 2124 stationi
645 2059 784 2124 navium
818 2056 1092 2122 Christianorum
1118 2075 1292 2139 opposue-

343 2166 436 2242 runt,
458 2179 562 2224 unam
585 2159 752 2243 peditum,
769 2177 874 2240 super
895 2158 1005 2241 ripam
1029 2157 1193 2234 fluminis,
1212 2176 1291 2221 cum

345 2259 467 2340 targiis
488 2258 665 2340 eleganter
687 2257 894 2334 ordinatam,
917 2258 1102 2321 secundam
1127 2265 1207 2339 post
1224 2265 1294 2322 ter-

344 2377 426 2439 gum
461 2378 590 2435 eorum,
624 2357 768 2422 similem
799 2358 918 2440 priori,
949 2357 1087 2421 tertiam
1124 2358 1291 2439 equitum,

344 2457 483 2540 longam
497 2465 532 2522 et
549 2457 745 2534 terribilem,
762 2458 886 2522 ictibus
909 2457 1062 2540 lapidum
1085 2463 1120 2521 et
1142 2457 1289 2522 telorum

344 2557 528 2640 plurimum
543 2564 713 2623 vexantes
724 2557 875 2620 fidelium
887 2557 1084 2621 stationem.
1124 2557 1191 2622 Sed
1205 2558 1290 2622 fide·

344 2657 388 2720 lis
408 2658 515 2734 DeuS,
544 2659 602 2740 qui
626 2677 694 2721 non
724 2657 857 2740 patitur
880 2659 1006 2722 tentari
1031 2675 1113 2721 suos
1136 2676 1239 2740 super
1254 2658 1290 2722 id

344 2757 437 2839 quod
459 2766 604 2839 possunt
617 2757 801 2833 sustinere,
824 2758 1009 2840 respiciens
1027 2756 1069 2822 ad
1088 2764 1203 2822 castra
1218 2777 1291 2821 ser-

344 2876 466 2920 vorum
493 2876 646 2934 suorum,
669 2878 852 2922 moerorem
879 2858 1028 2942 fidelium
1056 2864 1091 2921 et
1114 2857 1290 2922 tristitiam

344 2955 566 3039 ingaudium
592 2965 627 3021 et
649 2957 899 3022 exultationem
927 2958 1118 3034 convertit3
1148 2977 1227 3022 nam
1255 2957 1291 3021 in

344 3064 445 3123 nocte
461 3057 689 3123 solemnitatis
708 3059 822 3122 beatae
843 3056 992 3139 Agathae
1016 3057 1190 3142 martyris,
1212 3077 1289 3121 cum

344 3155 523 3222 ordinatus
555 3165 647 3222 esset
679 3159 853 3222 exercitus
879 3156 1019 3234 Christi,
1044 3157 1105 3239 qui
1131 3159 1291 3239 sequenti

343 3254 398 3320 die
431 3257 574 3322 fluvium
610 3265 685 3322 erat
716 3258 937 3333 transiturus,
970 3256 1099 3338 pluviae
1131 3265 1167 3321 et
1196 3259 1291 3323 venti

343 3375 504 3438 magnam
521 3357 756 3422 difficultatem
776 3356 990 3421 Christicolis
1005 3356 1209 3435 intulerunt,
1230 3359 1291 3422 sed
1358 3359 1364 3365 ’

343 3463 443 3520 nocte
457 3458 588 3535 eadem,
604 3458 679 3522 Deo
697 3463 915 3541 procurante,
933 3448 1069 3521 ²tantus
1087 3477 1197 3540 pavor
1214 3458 1291 3522 Sol.

378 3639 494 3691 ¹Chriotr'
509 3641 621 3705 militen]
646 3642 700 3690 The
716 3643 800 3693 words
826 3643 901 3692 etiam
913 3645 1016 3693 armatis
1024 3643 1125 3702 muniti,
1133 3657 1191 3692 oum
1200 3644 1291 3705 galeiis

341 3711 456 3762 ‘Christi
467 3711 575 3760 milites'
586 3726 629 3760 are
641 3712 700 3761 here
712 3727 800 3774 super·
825 3718 851 3762 et
870 3713 928 3762 aliis
950 3716 1068 3776 navibus,
1091 3712 1192 3762 Christo
1214 3714 1291 3778 duce,

342 3781 440 3831 dnous:
457 3782 484 3830 in
499 3781 542 3831 tha
556 3783 681 3831 narrative
696 3784 730 3846 by
741 3783 801 3834 Jac.
826 3783 1292 3846 praediemsimmemiouesevasemnt'

341 3851 374 3900 de
382 3853 494 3902 vitriaco
502 3852 552 3901 and
562 3852 682 3902 Oliverus
693 3853 735 3903 the
744 3868 801 3915 pas·
827 3869 853 3916 p.
866 3856 938 3903 1136.
1069 3906 1076 3919 .

341 3935 403 3984 saga
414 3923 436 3971 is
447 3923 599 3983 asfollows;
616 3923 710 3986 having
718 3923 801 3972 stated
863 3920 975 3972 ’Tantus
990 3917 1087 3991 paron]
1111 3923 1166 3972 The
1184 3930 1291 3975 account

340 3992 396 4040 that
406 3992 427 4040 it
437 4006 492 4042 was
502 3993 588 4055 owing
605 3997 630 4041 to
646 3993 688 4042 the
705 3995 760 4042 zeal
776 3994 805 4043 of
827 3993 856 4042 ot'
872 3993 914 4042 the
936 3994 1085 4054 conspiracy
1104 3994 1131 4041 in
1151 3994 1193 4043 the
1216 4011 1289 4058 camp

341 4061 466 4122 Pelagius
492 4063 547 4112 that
573 4063 617 4112 the
639 4063 725 4112 attach
746 4078 802 4113 was
827 4067 943 4125 amongst
963 4063 1005 4112 the
1025 4064 1142 4113 amireis
1162 4065 1236 4125 given
1256 4067 1292 4127 by

341 4132 424 4193 made,
434 4132 455 4180 it
466 4147 526 4194 goes
542 4148 584 4194 on,
595 4133 677 4181 ‘unde
694 4147 802 4195 cogones
828 4133 953 4182 Michaud
970 4132 1033 4182 lrorn
1050 4133 1093 4182 the
1104 4134 1175 4184 Arab
1191 4135 1292 4191 historif

339 4203 536 4264 propugnaculis
548 4207 573 4251 et
590 4203 729 4254 castellulis
742 4204 802 4254 viris
829 4217 890 4263 ans3
907 4204 945 4252 iii.
957 4218 983 4265 p.
995 4207 1054 4266 456,
1064 4218 1113 4266 req.
