2864 4866
364 391 431 458 262
619 405 754 454 nocam
780 406 826 452 nn
849 405 1057 455 wnrvnovmt

205 580 329 670 ponar·
367 571 428 628 ant
441 563 615 629 adbibere.
667 564 778 629 Porro
798 582 876 627 curn
894 563 1105 640 visitatores,
1126 562 1317 627 secundum

225 632 251 670 be
259 629 328 680 pope'n

206 681 318 740 arrectam
328 683 350 720 to
368 671 502 728 statuta
530 664 700 746 generalis
728 664 876 742 concilii,
905 664 942 727 in
970 663 1124 745 generali
1150 664 1315 727 abbatum

205 732 335 872 {Llffirffss'f'
369 765 521 846 capitulo
540 765 770 847 processerint
791 764 835 828 ad
857 764 1068 828 visitationis
1092 761 1240 828 officium
1255 782 1318 827 ex-

272 859 278 870 ’
369 864 595 947 sequendum,
610 864 653 928 de
667 871 763 928 statu
780 864 1066 928 monasteriorum
1083 870 1119 927 et
1133 864 1316 927 observan-

370 963 423 1027 dis
446 964 663 1046 regularibus
681 964 908 1028 observantiis
930 964 1113 1046 diligenter
1128 963 1316 1047 inquirant,

371 1070 501 1128 ettam
530 1064 567 1127 in
601 1063 839 1146 spiritualibus
870 1083 975 1147 quam
1005 1065 1042 1127 in
1066 1063 1315 1147 temporalibus

370 1164 547 1244 corrigant
568 1170 604 1227 et
625 1164 811 1228 reforment
826 1183 904 1247 quae
928 1163 1076 1229 viderint
1092 1162 1316 1244 corrigenda;

371 1264 422 1327 ita
439 1262 531 1346 quod
547 1263 734 1327 monachos
749 1263 987 1346 delinquentes
1010 1283 1072 1345 per
1089 1264 1232 1327 abbates
1248 1262 1317 1326 loci

372 1362 498 1444 corrigi
518 1362 660 1440 saciant,
677 1363 794 1445 eisque
810 1363 946 1446 injungi
967 1363 1207 1445 poenitentiam
1223 1362 1318 1426 salu-

372 1469 493 1539 tarem,
506 1461 613 1545 juxta
632 1462 725 1526 beati
747 1461 926 1526 Benedicti
944 1462 1100 1544 regulam
1122 1469 1157 1526 et
1175 1468 1316 1545 aposto·

371 1560 440 1624 lica
463 1561 636 1639 instituta,
658 1569 694 1626 et
716 1581 786 1626 non
811 1561 997 1625 secundum
1022 1581 1175 1626 normam
1198 1580 1318 1643 pravae

372 1660 641 1738 consuetudinis,
663 1681 742 1745 quae
756 1660 831 1744 jam
853 1681 917 1743 pro
938 1661 1016 1742 lege
1035 1662 1239 1744 quibusdam
1262 1680 1318 1725 ec-

372 1761 486 1825 clesiis
503 1761 657 1826 inolevit.
698 1760 773 1843 Ipsi
786 1760 891 1825 etiam
905 1761 1102 1826 visitatores
1117 1761 1314 1837 monachos,

371 1879 459 1943 quos
486 1867 707 1926 contumaees
740 1861 934 1925 invenerint
963 1869 998 1925 et
1025 1860 1180 1938 rebelles,
1208 1861 1317 1945 juxta

371 1960 509 2024 modum
526 1961 650 2043 culpae,
663 1961 739 2025 vice
753 1969 884 2037 nostra,
899 1961 1049 2042 regulari
1063 1980 1209 2024 censura
1224 1981 1317 2024 com·

370 2059 504 2141 pellant
520 2061 651 2142 absque
672 2079 896 2143 personarum
914 2059 1062 2138 delectu,
1081 2080 1150 2125 non
1172 2079 1314 2143 parcen·

371 2159 416 2223 do
437 2159 621 2224 rebellibus
644 2162 687 2224 ob
714 2179 812 2223 suam
834 2160 1059 2242 pertinaciam
1082 2161 1138 2224 vel
1165 2161 1316 2243 potenti-

372 2277 428 2322 am
451 2260 650 2336 amicorum,
673 2260 757 2342 quin
777 2279 876 2324 ovem
902 2260 1092 2332 morbidam
1114 2259 1256 2343 ejiciant
1271 2260 1315 2323 ab

371 2358 467 2434 ovili,
484 2378 528 2422 ne
542 2359 675 2423 inficiat
690 2378 772 2423 oves
793 2377 907 2423 sanas.
960 2359 997 2422 Si
1015 2379 1097 2424 vero
1117 2361 1260 2424 abbates
1280 2360 1316 2423 in

372 2457 595 2538 corrigendis,
615 2458 723 2542 juxta
743 2459 962 2522 visitatorum
983 2459 1182 2524 mandatum
1205 2467 1242 2524 et
1262 2479 1316 2523 re-

372 2555 508 2637 gularia
539 2557 711 2634 instituta,
748 2558 871 2641 seipsis
906 2558 1021 2623 suisve
1058 2559 1235 2623 monachis
1265 2559 1317 2622 in-

372 2656 467 2718 venti
492 2655 621 2721 suerint
641 2657 867 2739 negligentes,
889 2658 1156 2740 proclamentur,
1178 2658 1319 2742 corripi-

372 2762 487 2831 antur,
513 2762 549 2819 et
569 2756 620 2820 ita
641 2757 830 2839 puniantur
854 2757 990 2839 publice
1017 2759 1054 2821 in
1081 2758 1233 2840 capitulo
1256 2778 1316 2840 ge·

371 2854 491 2932 nerali,
515 2856 609 2937 quod
628 2875 733 2937 poena
753 2876 871 2920 eorum
894 2856 940 2922 sit
956 2857 1034 2920 aliis
1052 2857 1087 2919 in
1106 2858 1314 2940 exemplum.

371 2953 483 3019 Prout
505 2955 535 3018 si
557 2956 665 3019 abbas
690 2955 828 3039 aliquis,
856 2975 926 3019 non
951 2963 1144 3039 exemptus,
1169 2957 1273 3021 suerit
1294 2977 1316 3022 a

370 3055 608 3119 visitatoribus
636 3055 737 3118 nimis
761 3055 940 3138 negligens
962 3063 997 3120 et
1014 3057 1176 3120 remissus
1194 3057 1316 3122 inven-

370 3160 439 3230 tus,
461 3154 497 3217 id
520 3153 588 3218 loci
615 3154 798 3219 diocesano
823 3155 1027 3220 denuntient
1048 3156 1122 3220 sine
1149 3175 1257 3233 mora,
1280 3165 1316 3222 et

370 3271 432 3332 per
463 3252 560 3316 illum
594 3253 693 3319 detur
722 3255 754 3317 ei
778 3254 866 3318 fidus
898 3262 932 3320 et
954 3255 1105 3338 prudens
1134 3256 1315 3340 coadjutor

370 3352 548 3433 usquead
574 3353 762 3434 capitulum
787 3354 959 3435 generale.
1013 3353 1117 3434 Quod
1139 3355 1170 3418 si
1194 3355 1314 3438 dilapi-

369 3449 471 3514 dator
496 3451 659 3517 inventus
683 3452 797 3530 fuerit,
820 3460 883 3517 aut
899 3455 985 3518 alias
1007 3455 1130 3519 merito
1151 3474 1315 3520 amoven-

369 3547 445 3625 dus,
474 3569 535 3632 per
556 3551 789 3629 diocesanum,
811 3558 995 3636 postquam
1018 3554 1085 3619 sibi
1112 3573 1134 3618 a
1153 3553 1313 3620 visitato·

368 3648 463 3711 ribus
485 3648 589 3731 fuerit
608 3649 859 3728 denuntiatum,
882 3660 1084 3717 amoveatur
1107 3654 1239 3736 absque
1256 3654 1313 3738 ju·

367 3746 535 3812 diciorum
560 3749 708 3832 strepitu
734 3770 756 3815 a
777 3750 943 3834 regimine
965 3753 1113 3818 abbatiae
1140 3760 1177 3817 et
1199 3772 1221 3817 a
1243 3773 1313 3818 mo·

369 3847 542 3926 nasterio;
567 3849 789 3932 provideatur
807 3852 944 3916 interim
965 3851 1224 3917 administrator
1241 3853 1313 3918 ido-

368 3963 466 4022 neus,
490 3949 551 4030 qui
575 3949 815 4031 temporalium
841 3970 958 4015 curam
982 3959 1093 4033 gerat,
1116 3952 1225 4016 donec
1246 3952 1314 4035 ipsi

366 4047 576 4112 monasterio
598 4048 702 4112 tuerit
717 4048 760 4112 de
780 4050 906 4116 abbate
922 4052 1111 4134 provisum.
1162 4051 1266 4130 Quod
1283 4053 1315 4116 si

365 4142 480 4209 forsan
496 4148 677 4231 episcopus
692 4148 757 4211 hoc
772 4149 915 4233 implere
939 4150 1088 4216 noluerit
1099 4152 1154 4216 vel
1171 4152 1313 4234 neglex-
