2864 4866
326 379 392 447 172
578 393 713 444 noonru
737 392 784 439 nn
809 391 1015 440 wnunovnn

488 624 538 688 Dc
553 623 825 709 irruptionefeetu
842 643 864 686 c
887 619 1101 686 Wullensc‘bus.

164 774 287 814 nonin.
377 741 523 812 Eodem¹
553 755 719 831 tempore,
746 767 863 811 mense
886 745 1059 828 Augusto,
1084 745 1210 808 milites
1241 751 1277 808 et

162 825 313 916 illidit&
325 849 513 913 servientes
537 848 580 912 de
608 848 752 912 castello
778 845 1099 924 Montis-(domenii,
1122 845 1216 929 quod
1239 846 1276 908 in

325 949 473 1012 confinio
490 947 631 1013 Walliae
653 948 758 1011 situm
779 953 844 1024 est,
867 947 1027 1011 exierunt
1046 966 1123 1010 cum
1146 945 1276 1028 populo

325 1049 489 1131 regionis,
516 1054 555 1111 ut
583 1048 767 1111 transitum
792 1047 972 1132 cujusdam
990 1047 1057 1110 viae
1081 1065 1151 1110 non
1172 1045 1276 1127 longe

327 1167 348 1211 a
369 1148 513 1212 castello
539 1148 702 1230 positum,
727 1153 871 1229 propter
895 1146 1047 1210 latrones
1065 1145 1276 1222 Wallenses,

327 1249 387 1330 qui
414 1249 452 1310 in
472 1248 533 1311 illo
558 1248 636 1311 loco
659 1247 811 1310 viatores
840 1252 1057 1330 peremerunt
1081 1246 1218 1309 assidue
1240 1252 1276 1309 et

327 1353 546 1412 transeuntes
571 1346 819 1429 spoliaverunt,
851 1347 959 1410 latius
984 1346 1139 1410 facerent
1164 1353 1199 1410 et
1223 1352 1276 1409 se'-

328 1467 458 1511 curum.
527 1446 716 1511 Venientes
755 1446 926 1528 siquidem
959 1445 1003 1509 ad
1043 1446 1157 1510 locum
1196 1465 1280 1509 cum

328 1547 465 1629 gladiis,
490 1547 680 1623 securibus,
713 1546 863 1611 fustibus
895 1553 931 1610 et
956 1546 1072 1623 armis,
1095 1553 1277 1628 coeperunt

328 1649 469 1712 arbores
496 1653 531 1710 et
554 1646 662 1728 ligna,
682 1645 837 1728 veprium
862 1646 1051 1710 densitates
1077 1655 1112 1710 et
1135 1647 1275 1723 fruteta,

329 1747 539 1823 succindere,
559 1754 599 1810 ut
614 1747 706 1810 viam
727 1745 908 1810 redderent
927 1746 1119 1810 viatoribus
1143 1746 1278 1829 spatio*

328 1866 415 1912 sam.
468 1846 570 1925 Quod
587 1866 664 1911 cum
681 1866 703 1910 a
717 1845 953 1911 Wallensibus
975 1853 1187 1929 compertum
1203 1846 1279 1910 fue-

328 1955 396 2024 rat,
420 1953 694 2029 supervenerunt
716 1945 968 2010 infortitudine
990 1947 1089 2028 gravi
1111 1953 1146 2010 et
1158 1945 1276 2010 hostes

329 2048 456 2112 acriter
472 2047 674 2111 invadentes
691 2046 931 2128 compulerunt
945 2065 1005 2110 eos
1027 2047 1207 2110 castellum
1224 2047 1277 2109 in-

329 2147 438 2229 gredi,
462 2146 644 2211 hincinde
667 2146 872 2230 quibusdam
895 2147 1103 2228 peremptis;
1130 2152 1177 2223 et,
1196 2165 1279 2209 cum-

329 2247 510 2311 castellum
527 2247 704 2310 obsidione
721 2246 911 2311 vallassent
925 2245 1134 2323 Wallenses,
1152 2247 1279 2310 inclusi·

329 2348 493 2411 continuo
527 2345 700 2423 Huberto,
728 2344 866 2427 Angliae
891 2346 1099 2430 justiciario,
1127 2348 1183 2410 cui
1213 2352 1276 2410 rex

328 2466 438 2530 nuper
453 2445 616 2511 honorem
633 2446 730 2509 illum
746 2465 824 2509 cum
843 2446 986 2511 castello
1003 2446 1156 2524 dederat,
1170 2446 1276 2528 signi-

328 2546 532 2625 ficaverunt,
554 2553 589 2610 et
604 2566 667 2610 rex
685 2566 761 2611 cum
786 2546 1010 2610 festinatione
1033 2547 1115 2610 illuc
1134 2547 1277 2611 veniens

328 2646 524 2710 Wallenses
554 2647 598 2710 ab
628 2646 806 2710 obsidione
838 2647 995 2710 removit.
1052 2646 1133 2710 Rex
1160 2654 1276 2711 autem

329 2744 536 2828 Anglorum,
553 2746 704 2830 quicum
730 2746 850 2829 paucis
869 2754 1012 2811 venerat
1029 2747 1185 2823 armatis,-
1206 2767 1279 2811 ma«

324 2845 437 2929 jorem
464 2847 681 2928 exspectavit
708 2847 910 2923 exercitum,
936 2853 971 2911 et
996 2846 1133 2910 tandem
1160 2847 1280 2911 multi-

329 2947 449 3010 tudine
482 2953 692 3010 armatorum
721 2946 871 3029 stipatus
896 2945 941 3010 ad
969 2947 1091 3010 silvam
1120 2948 1278 3029 pervenit

329 3046 576 3130 supradictam,
610 3064 701 3129 quae,
727 3053 768 3109 ut
795 3046 986 3123 dicebatur,
1016 3047 1173 3130 spatiosa
1202 3055 1279 3112 erat

331 3147 444 3224 nimis,
475 3145 605 3210 habens
638 3146 789 3229 quinque
824 3145 999 3210 leucarum
1030 3146 1275 3228 longitudinis3

331 3246 403 3323 sed,
431 3246 513 3311 licet
538 3265 666 3328 magna
693 3252 785 3310 esset
810 3252 845 3310 et
872 3266 945 3329 prae
975 3246 1081 3309 nimia
1107 3246 1278 3311 densitate

330 3346 375 3409 ad
399 3346 644 3410 destruendum
667 3344 877 3423 difficillima,
900 3365 978 3410 cum
1008 3347 1140 3427 ingenti
1163 3353 1279 3411 tamen

330 3446 447 3510 labore
476 3446 611 3510 succisa
638 3453 691 3509 est
719 3453 756 3510 et
781 3446 919 3528 ignibus
947 3454 1176 3512 concremata.
1232 3447 1280 3511 Et

330 3565 393 3609 rex
413 3546 493 3609 inde
514 3545 559 3609 ad
580 3545 746 3608 interiora
765 3546 955 3611 exercitum
976 3545 1105 3611 ducens
1121 3547 1216 3611 venit
1234 3547 1279 3610 ad

330 3644 503 3727 quoddam
531 3644 767 3708 habitaculum
788 3645 859 3708 albi
883 3645 1024 3724 ordinis,
1045 3645 1163 3710 Cridia
1178 3666 1281 3711 voca-

330 3752 417 3821 tum,
440 3744 532 3827 quod
554 3743 789 3808 Wallensibus
807 3752 883 3809 erat
897 3747 1164 3829 receptaculum,
1190 3747 1281 3811 sicut

331 3845 405 3925 regi
420 3843 532 3908 suerat
546 3844 755 3909 intimatum.
809 3845 945 3930 Injecto
962 3846 1070 3927 igitur
1085 3847 1130 3910 ad
1148 3847 1279 3932 jussio-

330 3963 408 4007 nem
423 3944 515 4026 regis
531 3944 611 4025 igne
626 3943 661 4006 in
677 3943 831 4008 aedificiis
848 3945 929 4018 illis,
953 3947 1068 4010 omnia
1089 3946 1126 4008 in
1143 3947 1280 4011 favillas

437 4171 445 4205 ¹
455 4175 546 4224 Eodem
555 4174 679 4238 tempore]
697 4173 791 4226 Chron.
803 4175 880 4224 walt.
892 4174 1069 4239 Hemingford,
1080 4191 1107 4238 p.
1118 4180 1176 4226 572.
