2864 4866
337 406 403 470 166
596 423 731 470 uocum
755 423 803 468 nn
827 420 1034 470 wannovnn

179 598 302 639 endet-
339 577 469 648 literas¹
493 601 577 648 auro
599 584 751 647 bullatas
775 580 970 663 Anglorum
992 580 1067 662 regi
1089 577 1293 653 transmisit,

341 703 538 768 proponens
559 683 596 747 in
616 682 745 747 eisdem
768 682 965 747 Romanam
990 681 1169 744 ecclesiam
1193 684 1293 742 tanto

337 784 413 869 jam
443 784 600 848 avaritiae
630 801 831 848 succensam
863 782 1022 847 incendio
1052 788 1089 845 et
1110 779 1293 861 concupis·

343 884 456 948 centia
481 883 676 960 manifesta,
703 883 807 966 quod,
829 883 929 946 bonis
959 881 1201 946 ecclesiasticis
1224 898 1294 942 non

343 983 410 1048 sibi
429 1003 491 1068 pro
507 991 589 1048 voto
613 983 869 1059 sufficientibus,
886 984 1124 1066 imperatores,
1139 998 1238 1061 reges
1259 985 1295 1042 et

344 1084 519 1168 principes
545 1084 767 1148 exhaeredare
796 1089 831 1147 et
856 1083 1057 1147 tributarios
1085 1079 1296 1145 constituere

344 1203 414 1247 non
431 1190 582 1249 veretur.
636 1183 779 1249 Habeat
804 1190 919 1247 autem
946 1183 989 1246 dc
1016 1180 1204 1265 praemissis
1231 1199 1295 1243 rex

344 1281 539 1365 Anglorum
561 1302 607 1347 ex
629 1302 666 1347 se
688 1284 765 1365 ipso
791 1282 1001 1364 exemplum,
1023 1281 1123 1366 cujus
1148 1288 1295 1363 patrem,

345 1402 461 1466 regem
483 1383 616 1448 scilicet
632 1384 655 1447 J
658 1383 839 1460 ohannem,
863 1382 995 1446 tamdiu
1016 1381 1295 1445 excommunica·

346 1488 420 1546 tum
444 1484 567 1561 tenuit,
593 1503 773 1567 quousque
794 1483 908 1565 ipsum
931 1490 967 1547 et
986 1502 1094 1565 regna
1115 1480 1191 1564 ejus
1213 1499 1297 1544 con·

346 1581 461 1647 stituit
488 1585 553 1647 suh
575 1583 717 1648 tributo.
772 1582 938 1648 Habeant
963 1584 1067 1647 etiarn
1090 1581 1297 1663 generaliter

346 1702 464 1747 omnes
489 1683 578 1747 idem
603 1684 799 1768 exemplum
821 1683 864 1746 de
886 1679 1011 1747 comite
1025 1682 1239 1758 Tholosano,
1261 1687 1298 1744 et

347 1781 434 1846 alios
465 1784 639 1868 principes
667 1784 808 1862 multos,
841 1802 987 1867 quorum
1014 1790 1125 1847 terras
1152 1789 1187 1845 et
1217 1801 1298 1864 per-

347 1901 452 1948 sonas
473 1883 606 1948 tamdiu
629 1886 694 1948 suh
716 1883 899 1949 interdicto
922 1883 1124 1948 concludere
1144 1882 1298 1958 molitur,

346 1980 455 2047 donec
466 1983 544 2048 illos
555 1985 592 2048 in
604 1984 816 2050 consimilem
830 1984 968 2066 redigat
982 1983 1197 2047 servitutem.
1251 1980 1296 2045 In

348 2083 567 2149 conclusione
585 2085 723 2148 demum
738 2084 895 2169 epistolae
916 2084 991 2148 haec
1010 2083 1150 2167 adjecit,
1171 2080 1299 2147 exhor-

348 2189 428 2246 tans
454 2185 547 2248 orbis
563 2185 736 2268 principes
757 2183 949 2262 universos,
967 2191 1007 2248 ut
1023 2192 1146 2248 contra
1162 2188 1298 2247 tantam

350 2282 417 2346 sibi
431 2284 645 2367 prospiciant
662 2285 846 2349 avaritiam
862 2290 898 2348 et
914 2285 1146 2367 iniquitatem,
1163 2284 1247 2365 quia

429 2417 532 2476 ‘Tunc
546 2437 597 2476 sua
610 2437 656 2476 res
669 2419 771 2496 agitur,
784 2421 877 2498 paries
892 2439 956 2478 cum
969 2419 1113 2497 proximus
1127 2416 1224 2476 ardet'

387 2616 477 2697 Qecel
488 2617 658 2704 imperator
671 2619 765 2684 morit
774 2621 1014 2705 persecutionem
1028 2629 1136 2686 contre
1144 2639 1277 2707 papea.

186 2755 338 2800 ramorum
401 2741 457 2806 Ex
482 2742 547 2807 hac
566 2744 684 2827 itaque
707 2745 896 2828 imperator
922 2744 1180 2828 perturbatione
1207 2764 1301 2808 com-

187 2820 241 2860 pope
249 2820 306 2849 com·

187 2859 328 2949 reintrant?
350 2849 464 2906 motus
487 2843 654 2908 excitavit
676 2852 798 2909 contra
820 2845 995 2909 dominum
1020 2864 1147 2929 papam
1170 2852 1207 2909 et
1228 2844 1301 2909 Ro-

186 2912 311 3002 llfirlll'eim
329 2920 462 3007 'manae
485 2943 639 3007 ecclesiae
661 2946 906 3028 patrimonium
925 2946 1197 3028 persecutionem
1220 2964 1301 3026 gra-

350 3044 540 3120 vissimam,
569 3044 737 3108 invadens
770 3045 845 3129 ejus
874 3045 1034 3110 civitates
1065 3053 1100 3108 et
1125 3064 1300 3127 occupans

350 3143 506 3221 castella,
540 3143 631 3207 sicut
662 3144 753 3208 idem
781 3164 873 3229 papa
897 3165 957 3228 per
978 3144 1098 3209 literas
1124 3164 1205 3209 suas
1229 3145 1303 3209 Ro·

350 3262 465 3320 mano,
486 3243 698 3308 Francorum
714 3245 844 3327 legato,
866 3246 1015 3310 directas
1038 3245 1214 3311 evidenter
1237 3264 1300 3308 ex·

350 3343 477 3426 pressit
490 3343 527 3408 in
545 3342 620 3407 haec
636 3346 766 3424 verba3

547 3517 745 3596 Querr'moee'e
752 3539 848 3603 pepe
862 3518 899 3583 de
913 3519 1106 3604 imperatore.

401 3640 614 3723 ‘Gregorius
630 3643 813 3726 episcopus
831 3643 1003 3722 Romano,
1023 3644 1234 3708 Francorum
1252 3643 1302 3707 le-

351 3748 447 3823 gato,
474 3740 634 3820 salutem,
660 3750 695 3807 et
711 3750 849 3808 caetera.
901 3742 1067 3822 Attende,
1091 3763 1302 3826 quaesumus,

386 3945 501 3994 ¹Literua
519 3959 578 3994 auro
598 3942 736 4014 bullatae]
760 3946 814 3995 The
837 3947 975 4010 ledgmcnt‚
986 3951 1013 3997 at
1023 3947 1066 3996 the
1077 3961 1147 3997 samo
1163 3947 1223 3996 time
1240 3961 1302 4009 urg-

349 4011 423 4064 letter
440 4014 469 4064 of
483 4015 582 4077 fleury,
601 4016 814 4078 acknowledging
838 4017 882 4079 ing
904 4017 957 4066 him
978 4022 1003 4066 to
1025 4017 1214 4066 reconciliation
1237 4018 1302 4067 with

351 4084 393 4134 the
403 4085 499 4145 receipt
506 4085 534 4133 ol
542 4085 585 4135 tho
595 4081 682 4147 pope's
693 4088 780 4135 letters
788 4087 817 4136 ot*
838 4087 964 4150 Gregory,
979 4102 1022 4137 are
1038 4087 1139 4149 printed
1155 4088 1182 4136 in
1198 4088 1302 4150 Rymer‚

351 4155 496 4217 complaint,
512 4169 541 4205 as
552 4156 611 4205 well
622 4171 651 4206 as
662 4160 688 4205 to
704 4156 746 4206 the
761 4171 812 4205 em·
837 4163 940 4218 p·189;
957 4157 1018 4206 both
1036 4172 1078 4208 are
1094 4157 1171 4209 dated
1186 4157 1229 4208 the
1240 4158 1302 4207 toth

351 4240 433 4289 perer,
453 4224 515 4274 with
532 4240 554 4274 a
574 4226 672 4276 similar
694 4227 813 4276 aoknow-
837 4228 866 4277 of
874 4229 1013 4288 February.
