2864 4866
352 435 358 449 .
438 396 577 446 nunnus
602 397 868 447 bismannum
1059 388 1124 451 303

264 635 313 698 Da
327 635 471 721 colloquio
483 634 586 700 habito
600 636 682 700 inter
689 656 830 720 proceres
845 633 1003 699 Hibernia
1017 643 1046 698 at
1113 672 1115 676 ·

461 736 598 801 comitem
610 735 844 800 Murascullwm

234 857 341 921 Mane
358 865 474 922 autem
490 860 596 936 facto,
613 868 781 923 venerunt
798 859 842 924 ad
864 857 1099 939 colloquium'
1090 878 1125 920 m
1139 877 1194 966 alp.
1205 880 1260 918 1234.

183 964 284 1039 prato
304 958 369 1020 sibi
389 957 571 1050 designato
590 958 779 1023 Mauricius
800 954 1026 1042 justiciarius
1046 957 1125 1019 Hu-
1139 928 1242 1016 siim

185 1076 230 1137 go
255 1057 298 1119 de
321 1047 447 1120 Lacoio
474 1064 510 1121 et
528 1057 724 1121 Richardns
746 1057 789 1120 de
812 1057 942 1138 Burgo,
964 1076 1041 1120 cum
1064 1058 1126 1120 mi·
1138 1029 1181 1116 li?
1182 989 1278 1116 dall

183 1155 301 1219 litibus
324 1157 451 1239 septies
466 1156 590 1238 viginti
608 1156 802 1220 fortissimis
823 1163 857 1219 et
874 1155 1125 1232 audacissimis,
1138 1128 1218 1167 'mm'

185 1274 271 1336 quos
298 1264 491 1337 atempore
515 1256 720 1338 proditionis
751 1254 921 1319 inchoatae
948 1255 1127 1336 elegerant

181 1375 229 1417 >ex
252 1363 326 1420 toto
352 1355 531 1419 Hiberniae
560 1374 679 1436 regno,
702 1361 741 1416 ut
762 1354 968 1434 perimerent
991 1354 1126 1418 Mares·

185 1455 324 1531 callum,
347 1462 383 1521 et
399 1455 442 1518 ad
466 1454 532 1518 hoc
559 1453 799 1516 conduxerant
816 1451 952 1533 magnis
977 1455 1127 1517 muneri-

186 1554 250 1617 bus
282 1560 318 1617 et
339 1553 633 1636 promissionibus,
663 1552 722 1634 qui
749 1560 942 1633 campestre
970 1552 1126 1633 praelium

186 1654 297 1734 magis
314 1672 418 1734 quam
435 1653 652 1716 concordiam
670 1652 846 1714 sitiebant.
899 1651 1127 1715 Marescallus

187 1772 269 1816 vero
291 1772 369 1816 cnm
392 1752 465 1814 suis
490 1753 644 1828 armatis,
666 1751 726 1833 qui
748 1768 867 1814 omnes
890 1751 955 1813 sibi
973 1749 1051 1814 ficte
1066 1751 1127 1813 ad·

187 1852 376 1928 haerebant,
389 1858 515 1932 praeter
529 1851 723 1932 quindecim
740 1850 878 1926 milites,
891 1869 979 1931 quos
994 1850 1037 1913 de
1052 1870 1128 1932 pro-

187 1953 263 2032 pria
279 1951 410 2014 familia
432 1950 592 2026 babebat,
616 1951 659 2013 ad
677 1949 886 2031 colloquium
903 1949 1045 2012 veniens
1067 1969 1128 2030 per

187 2070 292 2113 unum
322 2051 392 2114 fere
424 2049 568 2114 milliare
605 2052 648 2114 ab
680 2050 835 2112 hostibus
868 2048 998 2110 divisus
1030 2067 1128 2110 suam

187 2151 380 2232 composuit
395 2151 591 2214 stationem.
637 2149 783 2224 Deinde,
799 2147 1006 2229 Templariis
1021 2148 1128 2210 medi-

188 2251 338 2326 antibus,
350 2250 410 2332 qui
425 2251 515 2313 inter
529 2257 712 2330 utrumque
726 2247 915 2310 exercitum
928 2247 1034 2309 verba
1049 2266 1129 2310 con-

187 2347 352 2425 ferebant,
366 2348 408 2412 de
423 2367 509 2431 pace
523 2355 673 2413 tractare
689 2352 880 2427 coeperunt.
912 2345 980 2409 Sed
989 2347 1128 2410 tandem

188 2454 367 2528 magnates
382 2447 572 2524 Hiberniae,
583 2445 783 2510 utbreviter
795 2444 942 2521 dicatur,
955 2465 1033 2509 cum
1048 2465 1129 2527 cog·

188 2548 366 2611 novissent
393 2547 485 2630 quod
513 2546 740 2610 M‘arescallus
771 2564 848 2609 cum
874 2546 993 2627 paucis
1024 2544 1129 2608 adve-

189 2653 299 2723 nerat,
312 2647 596 2727 significaverunt
606 2646 638 2708 ei
653 2644 912 2708 immutabiliter
927 2652 962 2708 et
974 2643 1128 2725 praecise,

189 2745 293 2826 quod,
309 2745 377 2808 nisi
393 2746 577 2828 praedictas
599 2744 801 2808 concederet
816 2743 982 2819 inducias,
997 2742 1129 2806 diffida-

188 2846 274 2907 bant
293 2863 383 2920 eum,
398 2851 438 2908 ut
454 2845 617 2907 continuo
633 2843 758 2925 gladiis
780 2842 1050 2906 discurrentibus
1067 2862 1129 2905 ex·

189 2944 393 3024 perirentur,
404 2943 480 3024 quis
491 2961 534 3006 ex
546 2943 614 3005 illis
625 2942 661 3004 in
672 2943 792 3024 praelio
804 2941 925 3005 sortior
933 2940 1128 3003 baberetur.

190 3041 314 3106 Comes
333 3061 415 3105 vero
433 3041 673 3117 Marescallus,
695 3060 757 3122 per
778 3038 958 3103 consilium
981 3038 1130 3102 Galfridi

189 3141 231 3204 de
259 3140 413 3204 Matisco
441 3147 476 3204 et
503 3139 648 3204 aliorum
678 3139 853 3202 bominum
883 3127 1034 3214 suorum,
1070 3138 1129 3200 sed

189 3239 390 3316 infidelium,
416 3240 547 3303 invitus
573 3245 609 3302 et
630 3244 770 3301 coactus
796 3237 898 3319 plane
922 3237 1063 3318 negavit
1080 3237 1130 3299 eis

189 3345 329 3419 treugas
351 3338 555 3420 postulatas,
578 3344 700 3420 petens
728 3342 928 3400 constanter
949 3356 1011 3418 per
1025 3336 1130 3398 inter-

189 3438 329 3501 nuntios
362 3445 581 3513 memoratoS,
611 3443 650 3500 ut
677 3435 858 3499 redderent
882 3435 946 3498 sibi
970 3433 1129 3516 ,quaedam

188 3536 333 3600 castella
358 3556 434 3613 sua,
454 3555 532 3619 quae
556 3535 684 3619 injuste
711 3542 963 3616 occupaverant
984 3541 1020 3598 et
1042 3534 1130 3596 deti-

188 3637 330 3713 nebant,
366 3638 449 3719 quia
490 3634 658 3718 injustum
697 3634 728 3698 ei
759 3634 941 3697 videbatur·
975 3632 1130 3696 inducias

189 3735 374 3799 concedere
407 3735 602 3817 spoliatus3
636 3752 782 3815 cumque
805 3733 856 3796 illi
880 3732 914 3795 id
937 3732 1051 3805 facere
1072 3732 1131 3794 de·

189 3841 387 3916 negassent,
405 3833 580 3916 dispositis
603 3833 741 3896 aciebus
763 3832 807 3895 ad
830 3850 983 3914 pugnam
1010 3838 1131 3895 contra

176 3934 434 3998 Marescallum
452 3933 654 4014 procedunt,
671 3933 770 4013 quasi
798 3932 910 3994 securi
927 3931 969 3993 de
986 3931 1130 3993 victoria

189 4032 386 4097 obtinenda.
440 4031 542 4110 Quod
560 4030 680 4094 videns
703 4030 893 4094 Gaufridus
918 4030 960 4091 de
979 4028 1131 4091 Marisco

150 4170 153 4176 ι
188 4133 278 4196 dixit
310 4132 352 4195 ad
381 4131 638 4206 Marescallum‚
672 4128 888 4193 ‘Consilium
928 4129 971 4190 do
1003 4126 1066 4189 tibi
1095 4127 1132 4188 in
