2864 4866
339 408 405 474 238
597 425 732 473 nonunt
756 426 803 472 on
827 425 1034 474 wnnoovnn

499 660 548 724 Dc
557 659 716 745 patientie
733 659 814 746 repis
828 660 863 724 c'c
870 655 1139 744 persecutionibus.

179 799 301 889 i1¹i¹0²r³²
392 784 469 849 Nec
482 786 568 849 illud
584 786 626 850 de
642 786 829 851 virtutibus
847 785 1023 868 magnifici
1038 783 1131 865 regis
1146 783 1291 865 loquen-

179 861 271 940 stlta
279 902 298 941 1·
341 892 394 950 tes
417 886 586 950 credimus
607 886 862 968 negligendum,
886 886 978 978 quod
1003 883 1121 949 statim
1147 903 1292 948 corona-

341 994 398 1050 tus
425 987 461 1049 in
488 1007 605 1070 regem
631 994 761 1051 rectam
792 1007 927 1069 semper
949 986 1123 1070 justitiam
1156 985 1291 1049 cunctis

341 1087 510 1165 exhibuit,
525 1108 589 1171 pro
606 1107 747 1152 munere
764 1107 940 1170 nunquam
949 1086 1119 1171 judicium
1136 1087 1290 1149 subverti

341 1189 508 1269 permisit.
567 1189 800 1272 Episcopatus
816 1195 851 1252 et
864 1189 1022 1252 abbatias
1036 1192 1200 1251 vacantes
1211 1205 1290 1250 con-

340 1288 438 1352 tinuo
460 1297 496 1353 et
517 1290 648 1370 absque
668 1289 859 1353 venalitate
877 1288 962 1352 viris
985 1288 1149 1351 canonice
1171 1286 1290 1350 electis

340 1389 524 1467 concessit,
550 1408 695 1453 neceas
727 1389 914 1472 aliqnando
937 1389 1001 1452 sub
1024 1388 1188 1452 laicorum
1213 1406 1291 1450 cus-

341 1487 437 1552 todia
459 1488 664 1572 deputavit3
698 1489 862 1571 praelatos
891 1508 1009 1552 ornnes
1037 1487 1227 1564 ordinatos
1254 1495 1290 1551 et

341 1588 515 1671 praecipue
539 1589 632 1654 viros
654 1588 848 1672 religiosos,
871 1588 1066 1666 honoravit,
1091 1595 1127 1652 et
1150 1608 1213 1670 pro
1235 1608 1290 1652 re·

340 1690 495 1752 verentia
512 1688 535 1753 J
538 1709 599 1754 esu
617 1688 748 1754 Christi
770 1709 829 1754 eos
851 1689 1024 1754 offendere
1045 1687 1132 1752 adeo
1155 1690 1291 1766 metuit,

340 1795 380 1852 ut
402 1795 556 1871 tempore
578 1790 740 1873 quodam,
763 1790 905 1855 eumad
934 1789 1134 1854 mandatum
1159 1788 1290 1852 domini

341 1908 442 1972 papae
473 1909 591 1954 omnes
627 1891 764 1973 praelati
792 1889 899 1955 totius
932 1889 1030 1972 regni
1062 1907 1177 1954 coram
1207 1908 1290 1971 rege

340 1990 543 2072 congregati
563 1990 722 2068 fuissent,
747 1999 787 2055 nt
809 2000 943 2073 partem
966 1989 1166 2055 vicesimam
1183 1989 1292 2053 mobi-

339 2089 423 2153 lium
439 2110 579 2155 suorum
600 2091 644 2154 ad
665 2092 927 2156 subventionem
942 2098 1044 2155 terrae
1060 2097 1191 2154 sanctae
1206 2109 1291 2154 con-

340 2191 512 2268 cederent,
535 2197 570 2255 et
587 2211 741 2256 seorsum
762 2191 920 2255 sederent
937 2209 1041 2273 super
1062 2190 1209 2273 praefato
1231 2210 1290 2254 ne·

340 2292 437 2372 gotio
467 2291 716 2375 colloquentes,
744 2312 807 2356 rex
835 2293 885 2356 ait
912 2289 1072 2355 Galfrido
1100 2289 1290 2355 filio-Petri
1344 2371 1349 2380 .

340 2398 375 2455 et
391 2389 568 2456 Willelmo
584 2392 766 2470 Briwerre,
782 2392 842 2475 qui
864 2390 956 2473 apud
978 2391 1084 2474 pedes
1101 2391 1176 2474 ejus
1192 2391 1293 2454 sede-

339 2491 435 2568 bant,
459 2510 544 2555 voce
566 2490 727 2569 demissa,
744 2491 904 2557 ‘Videtis
926 2492 1090 2574 praelatos
1111 2491 1202 2567 illos,
1229 2493 1289 2573 qui

338 2591 387 2654 ibi
413 2590 534 2656 sedent
545 2590 571 2656 l'
622 2592 823 2670 ‘Videmus
848 2590 1008 2670 domine,’
1037 2590 1220 2676 inquiunt;
1252 2598 1289 2657 et

339 2711 402 2755 rex
428 2691 473 2754 ad
500 2711 571 2768 eos,
588 2679 649 2757 ‘Si
673 2693 823 2772 scirent’
848 2692 974 2775 inquit,
998 2691 1196 2774 ‘quomodo
1227 2710 1289 2756 eos

339 2792 384 2854 ob
409 2793 637 2857 reverentiam
654 2793 721 2858 Dei
738 2793 855 2869 timeo,
879 2799 914 2857 et
930 2811 1033 2875 quam
1053 2792 1162 2857 invite
1179 2790 1287 2855 offen·

339 2892 454 2955 derem
485 2891 577 2970 illos,
606 2895 673 2976 ipsi
707 2914 762 2958 me
790 2893 1034 2958 conculcarent
1063 2892 1287 2975 quemadmo-

338 2990 419 3055 dum
447 2993 671 3057 conculcatur
696 2994 965 3058 calceamentum
988 3000 1089 3058 vetus
1113 2999 1149 3056 et
1172 2992 1287 3075 dejec-

337 3092 434 3155 tum?
469 3091 672 3157 Notandum
691 3101 744 3158 est
755 3093 871 3171 etiam,
883 3092 1056 3176 quomodo
1067 3092 1165 3174 regni
1176 3112 1288 3175 nuper

337 3191 455 3274 adepti
481 3192 623 3257 delicias
655 3214 718 3277 pro
748 3212 864 3258 amore
894 3193 1004 3276 Regis
1035 3193 1156 3257 aeterni
1181 3193 1287 3257 relin-

337 3311 447 3375 quens
468 3293 650 3358 thesauros
672 3294 857 3377 patrissui
882 3313 923 3357 ac
948 3293 1107 3376 proprios
1132 3293 1168 3356 in
1186 3294 1287 3357 obse·

337 3392 419 3475 quio
438 3391 604 3457 Crucifixi
626 3401 661 3459 et
675 3401 776 3459 terrae
799 3399 930 3458 sanctae
953 3393 1157 3457 liberatione
1177 3392 1287 3457 effun-

337 3492 417 3557 dere
440 3494 588 3572 curavit,
618 3501 654 3559 et
678 3514 782 3578 quam
803 3501 963 3576 potenter
987 3501 1115 3557 terram
1137 3494 1286 3575 promis·

336 3592 443 3656 sionis
469 3601 592 3672 totam,
621 3603 748 3677 praeter
771 3594 949 3659 civitatem
975 3601 1131 3657 sanctam
1155 3593 1286 3658 Hieru-

337 3691 457 3768 salem,
487 3692 530 3756 de
556 3695 716 3759 manibus
742 3694 973 3761 inimicorum.
987 3695 1100 3758 crucis
1125 3695 1285 3759 extorsit.

338 3790 408 3854 Ubi
430 3791 666 3857 deficientibus
683 3796 749 3858 sibi
767 3794 951 3872 thesauriS,
968 3801 1095 3858 terram
1111 3794 1176 3856 sub
1190 3800 1284 3858 treu-

336 3891 391 3972 gis
404 3890 631 3958 triennalibus
645 3896 869 3974 constituens,
880 3914 902 3958 a
913 3893 1100 3959 Salaadino
1117 3894 1283 3976 impetra·

336 3991 398 4068 vit,
420 4000 460 4056 ut
482 3995 643 4058 sacerdos
666 3996 817 4078 quidam,
834 4014 944 4078 usque
962 3993 1006 4058 ad
1027 4001 1167 4076 treugas
1187 3994 1283 4076 elap-

333 4110 403 4169 sae,
422 4092 513 4175 apud
537 4095 757 4159 Dominicum
780 4095 1000 4178 sepulchrum
1020 4094 1062 4159 de
1083 4114 1184 4159 cruce
1201 4095 1284 4158 mis·

332 4209 406 4254 sam
423 4193 544 4258 diebus
561 4195 708 4278 singulis
720 4196 763 4260 ad
775 4197 866 4278 regis
884 4195 1058 4279 stipendia
1073 4194 1283 4277 celebraret3
