2864 4866
335 394 400 459 174
592 411 727 465 noorai
751 413 799 460 nu
821 413 1029 461 wunnovua

172 582 228 625 en·
239 581 295 624 122⁸·
336 569 422 633 dans
455 569 506 634 illi
540 589 664 635 nomen
689 572 829 636 vocavit
860 572 946 636 illud
967 570 1183 636 ‘Stultitiam
1208 569 1285 635 Hu-

334 665 445 747 berti,'
464 671 558 751 quia,
576 690 654 734 cum
671 671 856 736 novissime
879 672 1036 737 viderent
1057 680 1138 754 post
1160 678 1213 736 tot
1232 673 1284 736 la·

334 771 435 834 bores
452 777 488 834 et
501 789 674 852 expensas
698 770 774 836 solo
797 779 899 836 tenus
922 772 1191 854 complanatum,
1209 773 1286 856 jus-

328 870 505 957 ticiarium
521 890 640 934 omnes
656 891 725 935 non
742 871 852 936 solum
871 873 1088 956 prophetam,
1102 873 1163 936 sed
1179 874 1285 937 etiam

334 969 533 1051 plusquam
551 971 769 1054 prophetam,
787 991 864 1036 esse
879 974 1056 1037 dixerunt.

371 1141 520 1222 Quomodo
536 1143 725 1208 Fredericus
739 1144 774 1207 io
791 1153 908 1208 terrum
922 1153 1063 1208 sunctum
1079 1144 1258 1242 applicatus

577 1244 729 1330 negotium
747 1243 866 1308 diroti
873 1245 1042 1329 promouit.

172 1380 322 1472 illidii?
385 1367 515 1433 Eodem
531 1388 623 1432 anno
641 1368 856 1446 FredericuS,
881 1367 1117 1432 Romanorum
1139 1367 1285 1451 impera-

171 1483 228 1533 11015
236 1483 303 1523 Land-
333 1474 398 1544 tor,
419 1488 514 1532 mare
532 1468 823 1533 Mediterraneum
848 1461 1054 1550 ¹ingressus,
1074 1476 1114 1532 ut
1131 1468 1283 1533 Domino

333 1575 451 1633 votum
475 1569 761 1651 peregrinationis
783 1568 1008 1653 persolveret,
1029 1569 1066 1631 in
1081 1568 1201 1650 vigilia
1218 1587 1282 1631 na-

333 1669 481 1733 tivitatis
493 1670 606 1734 beatae
619 1669 764 1751 virginis
782 1669 906 1733 Mariae
921 1668 1013 1751 apud
1030 1666 1154 1733 Achon
1171 1669 1283 1752 appli-

333 1768 417 1833 cuit.
451 1769 641 1834 Venientes
652 1770 684 1834 ei
694 1770 831 1835 obviam
840 1769 954 1833 clerus
970 1776 1071 1834 terrae
1088 1776 1124 1833 et
1132 1769 1281 1851 populus

334 1863 429 1932 cum²
454 1889 581 1952 magno
605 1869 745 1946 honore,
769 1877 810 1933 ut
828 1876 963 1933 tantum
988 1868 1132 1934 decebat
1156 1868 1281 1946 virum,

332 1968 431 2033 illum
447 1976 670 2052 receperunt3
685 1975 924 2047 veruntamen,
934 1970 1096 2051 quoniam
1112 1977 1283 2034 noverant

334 2089 409 2132 eum
428 2090 451 2134 a
467 2090 560 2152 papa
577 2070 924 2146 excommunicatum,
943 2089 1017 2133 non
1042 2069 1074 2133 ei
1093 2070 1282 2134 communi-

333 2177 501 2234 caverunt
530 2171 567 2234 in
597 2169 715 2234 osculo
746 2189 857 2252 neque
890 2170 926 2233 in
951 2189 1081 2246 mensa,
1109 2169 1170 2233 sed
1200 2189 1282 2234 con-

333 2270 526 2347 suluerunt,
555 2276 595 2334 ut
621 2270 759 2334 domino
784 2289 885 2352 papae
915 2269 1131 2334 satisfaciens
1155 2269 1282 2334 rediret

333 2369 378 2432 ad
395 2378 527 2435 sanctae
544 2370 699 2434 ecclesiae
717 2370 897 2434 unitatem.
942 2369 1132 2452 Templarii
1150 2389 1232 2434 vero
1245 2377 1282 2434 et

333 2468 564 2551 Hospitalarii
585 2470 622 2532 in
640 2469 791 2535 adventu
814 2469 889 2553 ejus
912 2469 1013 2533 flexis
1036 2470 1181 2552 genibus
1199 2469 1282 2535 ado-

332 2576 497 2633 taverunt
511 2589 601 2647 eum,
617 2589 733 2651 genua
748 2569 823 2653 ejus
841 2569 1093 2646 deosculantes,
1116 2577 1151 2635 et
1171 2571 1282 2635 omnis

332 2669 485 2733 fidelium
502 2671 563 2752 qui
580 2669 700 2735 aderat
719 2671 892 2735 exercitus
907 2669 1148 2752 glorificabant
1167 2670 1280 2735 Deum

331 2769 368 2833 in
384 2769 535 2834 adventu
552 2770 673 2852 ipsine,
691 2777 871 2854 sperantes
889 2769 982 2853 quod
1004 2790 1066 2853 per
1086 2791 1162 2834 eum
1184 2769 1282 2835 fieret

332 2870 427 2933 salus
449 2870 484 2932 in
501 2870 623 2936 Israel.
674 2870 774 2934 Tunc
797 2871 986 2953 imperator
1011 2871 1054 2934 ad
1080 2871 1280 2935 universum

332 2971 521 3035 exercitum
536 2989 677 3053 gravem
694 2971 855 3052 deposuit
870 2971 1119 3054 querimoniam
1135 2970 1178 3034 de
1194 2991 1280 3053 pon·

331 3071 424 3134 tifice
454 3071 626 3148 Romano,
654 3071 744 3153 quod
778 3071 944 3154 injustam
975 3070 1104 3134 tulerat
1132 3070 1168 3133 in
1200 3089 1278 3135 eum

331 3172 550 3249 sententiam,
572 3170 747 3236 affirmans
769 3190 807 3235 se
829 3171 1043 3252 gravissimae
1068 3170 1279 3236 infirmitatis

330 3290 437 3335 cause
455 3273 522 3335 iter
540 3292 641 3336 suum
662 3271 706 3335 ad
726 3277 829 3335 terrae
848 3278 978 3335 sanctae
1000 3270 1191 3335 subsidium
1208 3271 1280 3335 dis-

329 3371 459 3437 tulisse.
509 3371 684 3470 ¹Soldanus
702 3391 783 3436 vero
798 3370 1013 3454 Babyloniae,
1029 3391 1105 3435 cum
1122 3371 1198 3454 ejus
1215 3371 1278 3434 ad-

365 3568 532 3642 wingram]
549 3575 625 3635 Upon
641 3573 685 3622 the
701 3586 792 3622 causes
818 3585 851 3621 an
870 3585 1026 3632 auouyrnous
1045 3571 1185 3621 chrouicler
1203 3571 1279 3636 (Rec.

329 3643 414 3693 which
441 3644 596 3693 determined
623 3642 742 3692 Frederic
766 3648 792 3692 to
817 3642 863 3692 des
875 3643 944 3691 Hist.
956 3642 1029 3691 xviii.
1040 3657 1067 3703 p.
1078 3639 1139 3705 581)
1150 3642 1244 3703 speaks
1255 3641 1285 3692 of

329 3713 470 3762 undertahe
492 3713 542 3761 this
564 3714 719 3774 expedition,
741 3712 792 3761 and
817 3713 838 3761 it
847 3727 886 3773 os,
898 3713 906 3740 ‘
916 3712 980 3773 Ejus
992 3711 1058 3760 malo
1075 3711 1149 3761 Deus
1164 3716 1239 3762 utens
1254 3713 1281 3761 iu

329 3783 500 3845 theprogress
515 3781 544 3831 os
556 3783 586 3843 it,
603 3797 645 3833 see
656 3781 792 3844 Michaud,
817 3783 909 3831 bonum
929 3783 954 3830 ei
971 3783 1067 3843 ubique
1085 3782 1217 3832 victoriam
1236 3782 1281 3832 de·

330 3853 400 3904 Hist.
412 3853 458 3902 des
469 3852 552 3903 Crois.
562 3854 598 3903 iv.
608 3869 635 3915 p.
646 3857 688 3916 25,
698 3867 762 3916 seqq.
817 3852 855 3901 dit
864 3847 879 3913 ;’
906 3851 994 3901 whilst
1020 3852 1108 3901 Fuller
1134 3867 1214 3913 opens
1238 3853 1280 3902 his

817 3922 921 3984 chapter
937 3936 969 3970 on
985 3923 1037 3972 this
1053 3926 1111 3984 part
1125 3922 1155 3973 of
1170 3923 1210 3971 hie
1229 3922 1282 3972 his·

363 3988 444 4042 ’Cum
466 4007 553 4054 magno
575 3991 695 4056 bonne]
724 3991 749 4040 It
768 3991 791 4041 is
816 3997 872 4054 tory
884 3991 1102 4054 with,‘Seehow
1110 3987 1281 4043 God’sbless·

326 4063 443 4125 amusing
459 4067 485 4112 to
503 4063 564 4112 reed
580 4064 622 4112 the
634 4067 754 4112 accounts
765 4062 795 4111 of
816 4064 860 4125 ing
876 4062 952 4124 goeth
968 4063 1044 4124 along
1054 4063 1117 4112 with
1133 4063 1176 4112 the
1192 4060 1281 4124 pope’s

326 4133 467 4182 Frederic’s
483 4133 593 4183 conduct
609 4134 660 4183 und
676 4132 717 4181 his
733 4146 791 4182 suc-
816 4126 919 4193 cursen:
937 4148 964 4194 p.
984 4136 1041 4184 16³.
1078 4133 1126 4182 See
1144 4132 1280 4196 Ruynaldi,

326 4203 789 4266 cess,asgivenbydifferentwriters:
816 4208 876 4252 tom.
888 4203 916 4253 ii.
927 4217 954 4263 p.
967 4206 991 4264 l,
1003 4217 1066 4266 seqq.
1222 4200 1225 4207 '
