2864 4866
417 411 554 460 anonas
580 411 850 460 nrsronmauu.
1085 398 1107 460 9
1204 465 1207 472 ,

155 575 190 630 et
199 567 290 632 clero
303 570 483 633 orantibus
499 577 534 634 et
548 571 787 652 psallentibus„
803 570 917 653 [dum]
932 570 1106 635 exercitus
1120 588 1175 628 an.
1187 589 1243 628 121⁶.

1120 639 1218 688 Progress
1225 639 1250 678 of

155 667 280 732 clivum
306 670 434 733 montis
456 670 610 748 subiret3
641 678 677 734 et
692 670 773 735 licet
788 690 887 735 mons
908 678 1106 754 praeruptus
1119 689 1237 778 perrun-

155 775 246 832 esset
273 769 437 851 undique,
462 777 498 832 et
527 770 622 834 velut
649 771 872 854 impossibilis
896 772 932 833 in
959 789 1106 835 ascensu
1134 750 1175 779 ‘¹⁸'

155 874 190 931 et
210 875 311 932 extra
335 870 492 934 semitam
519 875 658 947 tortam,
682 890 801 935 omnes
823 878 939 936 tamen
961 871 1107 935 viriliter

155 969 394 1033 ascenderunt.
457 968 480 1033 J
484 969 638 1033 ohannes
661 990 756 1048 vero,
784 991 846 1033 rex
872 970 1106 1048 Hierusalem,

154 1086 232 1131 oum
258 1068 385 1133 militia
409 1068 553 1147 Christi,
578 1070 806 1136 castellanum
831 1072 874 1134 ab
901 1090 990 1152 equo
1013 1078 1105 1135 stra-

155 1168 206 1232 vit
228 1175 264 1231 et
282 1168 510 1232 admiraldum
538 1189 656 1247 unum,
680 1171 740 1252 qui
763 1171 875 1253 primo
901 1171 1031 1254 impetu
1055 1172 1108 1234 in·

155 1267 280 1349 trepidi
316 1276 417 1333 extra
444 1276 564 1351 portas
596 1269 640 1333 ad
670 1276 822 1335 montem
855 1269 1106 1334 defendendum

154 1366 312 1431 hostibus
338 1376 575 1446 occurrerunt,
603 1371 640 1433 in
669 1377 847 1453 stuporem
875 1390 934 1435 eos
961 1391 1106 1435 conver-

155 1472 266 1531 tentes
286 1474 321 1532 et
343 1468 473 1551 fugam
526 1469 594 1533 Sed
621 1489 683 1533 rex
706 1478 875 1553 quantum
901 1471 1026 1535 meruit
1049 1490 1106 1534 as·

154 1567 342 1645 condendo,
369 1576 507 1633 tantum
535 1569 704 1633 demeruit
727 1570 992 1650 descendend03
1024 1590 1106 1633 nam

154 1665 343 1750 Templarii
377 1669 476 1734 multi
514 1676 548 1733 et
581 1668 815 1753 Hospitalarii
853 1678 888 1737 et
919 1670 1106 1749 seculareS,

154 1768 292 1847 quando
342 1767 499 1833 infideles
543 1769 635 1832 vires
678 1776 892 1853 receperant,
934 1770 1106 1835 vulnerati

154 1872 248 1944 sunt,
278 1866 339 1931 sed
363 1869 467 1951 pauci
495 1870 635 1933 mortui.
700 1869 743 1933 In
769 1870 835 1934 hoc
867 1876 983 1933 autem
1013 1876 1049 1933 et
1070 1869 1106 1933 in

155 1967 278 2047 primo,
307 1967 444 2050 dequo
474 1969 637 2046 diximus,
664 1970 821 2051 equitatu
851 1968 1106 2033 multitudinem

156 2067 341 2131 maximam
381 2068 546 2145 virorum,
584 2068 765 2132 mulierum
805 2088 846 2132 ac
882 2069 1105 2151 parvulorum

155 2166 245 2247 apud
272 2164 396 2231 Aobon
423 2167 612 2232 Christiani
638 2168 864 2245 reduxerunt,
890 2169 948 2232 ubi
974 2169 1106 2252 episco-

154 2285 220 2348 pus
237 2264 455 2331 Achonensis
475 2269 652 2350 parvuloS‚
674 2287 910 2351 quoscumque
927 2268 984 2333 vel
1003 2287 1105 2351 prece

154 2366 211 2430 vel
245 2367 358 2449 pretio
391 2369 546 2432 obtinere
581 2369 707 2452 potuit,
740 2369 958 2451 baptizavit;
993 2368 1105 2433 foemi-

154 2484 217 2529 nas
233 2486 317 2531 vero
338 2468 429 2531 inter
451 2467 730 2533 sanctimoniales
752 2468 927 2533 distribuit
945 2476 981 2531 et
995 2467 1105 2532 literis

154 2566 328 2648 applicare
359 2567 449 2631 fecit.
515 2567 558 2631 In
583 2569 684 2632 tertio
708 2575 823 2632 autem
850 2569 1019 2651 equitatu,
1050 2569 1105 2632 eui

154 2666 354 2747 patriarcha
376 2686 454 2730 cum
475 2667 569 2731 clero
591 2674 626 2731 et
648 2669 748 2751 signo
771 2669 883 2732 crucis
909 2687 977 2731 non
1000 2669 1105 2731 inter-

154 2765 232 2844 luit,
250 2766 361 2831 multa
376 2767 606 2844 incommoda,
622 2774 694 2831 tum
711 2788 772 2850 per
790 2762 1016 2844 latrunculos,
1031 2775 1104 2832 tum

154 2884 199 2929 ex
238 2865 372 2949 hyemis
410 2866 639 2944 incommodo,
673 2868 828 2950 perpessi
861 2874 944 2931 sunt
973 2867 1105 2945 fideles„

153 2966 344 3047 praesertim
374 2965 410 3029 in
437 2966 557 3048 vigilia
583 2967 778 3031 nativitatis
811 2967 1015 3044 Dominieae‚
1043 2987 1106 3049 per

153 3065 259 3143 viam,
300 3066 337 3129 in
375 3085 445 3148 qua
483 3066 545 3130 illa
583 3073 684 3130 nocte
726 3086 825 3130 sacra
862 3073 1103 3150 tempestatem

153 3165 267 3229 ventis
289 3174 495 3230 commotam
519 3173 555 3229 et
569 3166 698 3248 pluviis
720 3167 1007 3246 invenerunt3in
1028 3165 1104 3229 fini-

153 3264 219 3329 bus
241 3266 344 3329 etiam
368 3266 455 3349 Tyri
477 3272 512 3330 et
534 3264 672 3329 Sidonis
689 3265 797 3348 juxta
825 3265 972 3348 Sarepta
993 3266 1103 3330 multa

154 3366 308 3448 perpessi
341 3366 482 3430 fuerunt
506 3364 735 3442 incommoda,
761 3373 832 3430 tam
865 3366 955 3429 aeris
980 3366 1103 3430 intem·

152 3465 259 3547 perie,
276 3486 380 3549 quam
396 3466 555 3531 molestia
570 3466 752 3548 corporali.

209 3639 353 3714 Qualiter
368 3639 493 3705 berorae
507 3641 632 3726 Aapb'ae
641 3641 812 3726 proprium
828 3641 986 3706 miseriam
1001 3641 1047 3706 ud

456 3750 582 3805 merrtem
597 3741 795 3806 redemerunt.

202 3860 308 3926 Anno
333 3862 475 3926 Domini
497 3880 663 3928 mooxvu.
680 3866 821 3949 juvenis
840 3853 904 3931 rex
925 3867 1101 3931 Henrious
1114 3887 1170 3927 aa.
1181 3887 1238 3927 1217.

151 3960 219 4025 fuit
240 3961 285 4025 ad
310 3962 345 4026 N
347 3963 439 4026 atala
463 3963 555 4044 apud
581 3965 797 4045 Bristollum,
826 3976 998 4049 praesente
1015 3938 1243 4032 wa-lliltil²⁸

1113 4041 1186 4078 return
1195 4044 1217 4079 to

152 4061 230 4126 ¹⁰⁰⁰
265 4063 382 4145 Ῑθὲἃῖθ
411 4069 447 4127 et
475 4063 653 4129 Willelmo
690 4065 936 4144 Mareschallo,
968 4074 1250 4142 rectoreaeuamgr.

153 4161 306 4243 ejusdem
327 4163 419 4244 regis
440 4169 474 4227 et
490 4165 597 4245 regni.
653 4166 739 4230 Erat
757 4174 872 4231 autem
895 4186 937 4231 ea
953 4173 1101 4249 tempes.
1114 4149 1173 4179 anea,
