2864 4866
350 422 393 486 82
605 431 739 480 uocum
763 431 810 477 ou
836 427 1041 478 wsunovsn

185 615 308 655 sunna
347 595 644 679 proclamaverat;
683 597 718 653 et
745 590 807 665 sic,
837 588 971 652 civibus
995 585 1236 668 ignorantibus
1266 591 1302 647 et

347 696 421 759 sine
449 693 611 768 tumultu,
635 692 709 754 lata
736 691 772 753 in
791 709 868 752 eum
890 688 1062 752 sententia
1086 684 1301 749 exsecutioni

348 795 484 860 exstitit
506 792 724 858 demandata.
778 789 835 866 Et,
853 788 907 852 his
922 789 974 853 ita
988 788 1107 868 gostis,
1123 786 1300 868 ingressus

347 903 401 960 est
416 896 453 958 iu
472 893 648 958 civitatem
661 889 878 975 justiciarius
899 909 977 952 cum
995 887 1154 951 Falcasio
1172 893 1207 950 et
1223 884 1301 949 aliis

347 1002 558 1058 armatorum
584 991 705 1073 copiiS,
726 998 761 1054 et
781 1008 1017 1073 quoscumque
1042 987 1217 1070 praedictae
1246 1005 1301 1049 se-

346 1095 486 1160 ditionis
513 1091 737 1175 deprehendit
766 1090 956 1172 culpabiles
986 1088 1064 1170 capi
1091 1087 1173 1150 fecit
1201 1092 1237 1149 et
1263 1086 1299 1148 in

345 1213 516 1260 carcerem
539 1190 681 1268 retrudi,
704 1210 850 1272 quorum
872 1188 1040 1253 truncatis
1062 1187 1206 1270 pedibus
1227 1186 1302 1251 sive

347 1293 516 1370 manibus,
548 1294 627 1356 illos
656 1292 750 1355 abire
782 1289 960 1373 permisit;
992 1287 1082 1352 unde
1105 1287 1205 1351 multi
1228 1305 1301 1368 prae

347 1397 469 1460 timore
496 1395 540 1458 ab
568 1393 652 1456 urbe
674 1391 846 1473 fugientes
871 1408 1046 1472 nunqnam
1072 1395 1195 1471 postea
1219 1395 1303 1450 sunt

346 1495 488 1559 reversi.
541 1493 621 1557 Rex
642 1511 738 1568 vero,
761 1491 805 1555 ad
828 1490 994 1574 majorem
1016 1489 1204 1554 vindictam
1226 1506 1300 1551 om-

347 1613 409 1658 nes
426 1595 519 1658 urbis
543 1593 768 1675 magistratus
787 1592 974 1674 deponens,
990 1608 1100 1654 novos
1117 1587 1300 1653 constituit

347 1695 384 1757 iu
400 1693 543 1759 civitate
559 1693 753 1776 praefectos

530 1865 579 1930 Da
594 1865 739 1931 tonitruis
753 1873 781 1929 at
793 1864 869 1928 otiis
885 1863 1118 1950 tempestatibus.

392 1992 521 2057 Eodem
540 2011 643 2069 anno,
660 1998 763 2055 sexto
777 1990 855 2055 idus
875 1990 1065 2067 Februarii,
1082 1988 1203 2053 audita
1218 1997 1301 2054 sunt

347 2086 517 2158 tonitrua¹
540 2091 718 2169 terribilia,
741 2111 785 2155 ex
810 2109 956 2172 quorum
973 2090 1150 2154 collisione
1171 2090 1301 2154 fulmen

348 2193 513 2256 exsiliens
535 2191 715 2254 ecclesiam
738 2190 780 2253 de
798 2188 953 2253 Grabam
975 2189 1011 2252 in
1034 2191 1202 2254 comitatu
1218 2190 1303 2254 Lin-

348 2292 471 2356 colniae
493 2291 596 2355 sitam
615 2291 812 2354 terribiliter
827 2289 995 2366 accendit,
1018 2291 1078 2353 ubi
1092 2296 1227 2353 tantum
1248 2299 1301 2356 ta-

347 2391 483 2473 lemque
504 2391 663 2454 soetorem
680 2390 805 2468 emisit,
821 2388 914 2472 quod
930 2390 1043 2467 multi,
1058 2391 1119 2472 qui
1136 2390 1173 2453 in
1189 2393 1299 2457 eccle-

284 2540 286 2544 ,
348 2491 401 2555 sia
413 2497 524 2568 erant,
535 2490 707 2572 fugientes
719 2489 875 2554 soetorem
886 2489 1026 2554 sufferre
1039 2510 1109 2554 non
1120 2492 1299 2574 valebant3

347 2592 487 2655 tandem
505 2609 613 2654 sacrae
629 2590 782 2654 candelae
800 2589 1050 2656 illuminatione
1069 2599 1105 2656 et
1118 2611 1217 2674 aquae
1239 2595 1299 2658 be-

346 2692 493 2755 nedictae
510 2691 708 2772 aspersione
725 2691 786 2755 vix
803 2691 894 2773 ignis
915 2692 1108 2756 exstinctus
1126 2700 1199 2774 est3
1223 2715 1298 2758 ves-

347 2791 434 2873 tigia
455 2790 560 2874 hujus
587 2791 636 2854 rei
660 2790 771 2855 adhuc
786 2791 822 2853 in
838 2791 899 2854 illo
916 2791 1126 2856 monasterio
1143 2802 1296 2859 manent.

348 2890 437 2954 Item
470 2891 589 2954 eodem
619 2910 721 2967 anno,
753 2891 789 2953 in
815 2884 887 2954 ²die
918 2891 1141 2955 exaltationis
1167 2903 1298 2959 sanctae

347 2989 481 3068 Crucis
504 3011 566 3074 per
589 2996 698 3054 totam
718 2989 884 3072 Angliam
903 2991 1102 3072 mugiemnt
1125 2992 1297 3058 horrenda

345 3091 509 3166 tonitrua,
554 3097 588 3154 et
629 3097 751 3154 secuta
790 3095 843 3153 est
882 3090 1061 3155 inundatio
1101 3093 1297 3174 pluviarum

335 3208 421 3253 cum
439 3191 577 3255 turbine
592 3198 627 3254 et
649 3192 780 3272 impetu
797 3197 990 3265 ventorum,
1009 3210 1088 3274 quae
1108 3198 1296 3276 tempestas

342 3309 420 3353 cum
449 3291 538 3354 aeris
570 3290 771 3372 intemperie
803 3309 911 3371 usque
943 3291 988 3354 ad
1022 3291 1295 3372 purificationem

343 3389 454 3454 beatae
473 3390 596 3453 Mariae
621 3408 846 3472 perseverans
870 3390 1003 3467 multis,
1018 3397 1054 3454 et
1070 3393 1220 3458 maxime
1235 3414 1294 3459 co-

342 3488 443 3565 lonis,
471 3489 617 3553 molesta
636 3489 725 3570 suit3
755 3491 791 3553 in
807 3497 929 3555 aestate
948 3493 1030 3554 vero
1051 3493 1208 3574 sequenti
1224 3493 1296 3557 fru-

342 3595 495 3651 mentum
529 3587 708 3653 duodecim
738 3590 858 3654 solidis
884 3591 1106 3656 vendebatur.
1161 3593 1294 3657 Eodem
1328 3626 1332 3631 ·

342 3688 446 3750 etiam
463 3707 566 3765 anno,
579 3681 633 3750 3ἰι]
645 3688 733 3753 sesto
749 3690 861 3753 sancti
873 3688 1024 3754 Andreae
1040 3693 1200 3774 apostoli,
1214 3685 1296 3758 4ttu-

377 3871 514 3925 ¹Tonitruo
533 3877 684 3940 terribilia]
708 3877 740 3927 In
759 3879 801 3927 the
862 3878 1209 3954 ³Iasestosuucti11adreoe3]
1231 3887 1292 3936 aoth

341 3944 433 3995 Annal.
448 3945 543 3997 Dunst.
560 3948 603 3996 tbe
620 3949 727 4010 damage
747 3963 802 3998 sus·
827 3951 856 3999 of
865 3952 1016 4004 November.

339 4015 425 4064 tained
436 4014 499 4064 from
510 4017 580 4067 these
598 4022 688 4068 storms
700 4019 722 4068 is
733 4034 801 4068 more

339 4085 505 4146 particularly
516 4089 625 4139 noticed.
862 4087 972 4139 ⁴Audito
982 4096 1039 4142 aunt
1050 4093 1179 4158 tonitrua]
1197 4096 1291 4147 Aunsl.

374 4151 446 4204 'Die
462 4159 620 4207 exaltationis
635 4164 726 4209 sunctoe
740 4160 802 4208 Cru·
827 4161 1041 4224 Waverl.p.1et.

337 4225 401 4288 cis,·]
418 4226 565 4289 September
575 4229 617 4278 the
629 4229 698 4279 lltb.
