2864 4866
408 427 547 475 neonus
571 427 841 477 ursronmnuu.
1036 411 1102 475 165

151 585 287 669 publice
304 586 501 651 nuntiamus
519 594 554 651 et
567 586 772 650 mandamus
789 587 834 649 ab
851 585 1009 650 omnibus
1027 606 1101 651 arc·
1113 603 1263 694 mg„

152 687 221 750 tius
238 687 374 764 evitari,
391 707 454 771 per
470 707 530 752 vos
546 693 581 751 et
596 687 683 750 alios
699 686 921 750 ecclesiarum
937 687 1100 768 prelatos
1113 704 1260 744 exeommuni-

152 787 487 852 excommunicatum
504 787 670 852 facientes
685 787 821 869 publice
836 787 1005 866 nuntiari;
1021 807 1101 852 con·
1112 755 1180 795 Μ’

151 893 205 951 tra
229 889 356 971 ipsum,
375 888 406 951 si
429 887 646 952 contumacia
671 886 748 969 ejus
769 887 937 968 exegerit,
959 888 1101 969 gravius

151 988 356 1070 processuri.
399 986 612 1052 confidimus
635 992 752 1050 tamen
773 986 886 1050 adhuc
906 988 942 1050 in
964 988 1012 1071 pii
1030 987 1100 1052 Pa·

151 1088 213 1150 tris
239 1088 435 1165 clementia,
462 1089 521 1169 qui
551 1086 721 1150 neminem
750 1086 827 1150 vult
851 1089 974 1169 perire,
1007 1089 1099 1170 quod

151 1187 241 1252 oculi
257 1188 381 1251 mentis
401 1187 592 1269 caligantes
614 1185 680 1250 hoc
701 1186 934 1251 ecclesiastico
955 1186 1100 1252 delibuti

151 1287 305 1371 collyrio,
328 1287 359 1350 si
375 1307 445 1352 non
465 1288 568 1351 suerit
585 1287 701 1350 animo
720 1285 869 1364 rebellis,
888 1287 1016 1350 lumine
1036 1307 1099 1371 po-

152 1392 269 1452 terunt
293 1388 472 1465 illustrari,
495 1395 535 1452 ut
550 1406 647 1450 suam
669 1386 816 1468 aspiciat
837 1386 1040 1464 nuditatem,
1063 1395 1099 1451 et

149 1488 371 1570 ignominiam
395 1506 505 1565 suam,
528 1506 633 1570 quam
647 1487 803 1564 incurrit,
817 1493 965 1564 avertat,
981 1487 1105 1569 sicque

149 1595 303 1653 recurrat
329 1587 374 1652 ad
400 1587 588 1665 Medicum,
622 1593 657 1650 et
679 1587 723 1650 ad
750 1593 896 1651 matrem
918 1586 1098 1651 ecclesiam

148 1695 353 1765 revertatur,
372 1708 435 1770 per
457 1686 687 1752 humilitatem
709 1687 860 1751 debitam
883 1688 1098 1775 etsatisfac-

149 1788 278 1852 tionem
315 1807 504 1870 congruam
543 1787 666 1851 salutis
697 1787 849 1852 remedia
886 1795 1098 1871 recepturus,

67 1907 70 1911 ’
152 1887 228 1952 Nos
259 1887 454 1972 enim‚ejus
486 1889 634 1952 salutem
656 1886 693 1950 in
721 1887 872 1952 Domino
898 1887 1099 1952 affectamus

149 1988 301 2067 interire,
324 2009 426 2071 quem
450 1988 530 2053 olim
553 1989 686 2052 sineere
710 1987 894 2050 dileximus
916 1987 952 2049 in
975 1987 1098 2051 minori

151 2088 255 2152 etiam
277 2087 389 2152 officio
415 2089 608 2152 constituti·
665 2087 761 2153 Data
788 2087 962 2166 Laterani,
984 2087 1098 2171 ponti·

153 2188 273 2253 licatus
290 2189 399 2254 nostri
417 2208 508 2253 anno
522 2188 697 2252 secundo.'

199 2363 349 2443 Quomodo
359 2366 606 2453 prunulpoaerit
618 2365 755 2450 refudere
767 2363 1058 2429 excommunicatum

561 2465 682 2551 injuste.

203 2588 398 2670 Imperator
418 2591 537 2672 itaque
559 2590 774 2667 Fredericus,
791 2609 866 2654 cum
886 2610 908 2654 a
922 2588 1098 2654 referenti·
1111 2606 1259 2657 Treemreror

152 2688 216 2751 bus
239 2707 276 2751 se
303 2691 636 2754 excommunicatum
661 2691 892 2772 cognovisset,
916 2657 1256 2774 perturba·iri¹e¹¹r¹²1ii¹i⁸¹i⁵r1‘2’0r

152 2794 208 2851 tus
230 2794 284 2852 est
307 2788 428 2869 valde3
452 2797 487 2854 et
505 2791 595 2854 sicut
617 2809 710 2875 papa
734 2811 796 2872 per
817 2791 937 2854 literas
960 2809 1042 2852 suas
1062 2790 1098 2852 in
1109 2758 1257 2848 igiiffl'

152 2888 309 2952 omnibus
326 2888 600 2955 Christianorum
616 2890 741 2953 finibus
759 2891 866 2954 latam
882 2889 1097 2953 leceratsen·

154 2988 297 3051 tentiam
329 2990 510 3071 publicari,
540 2992 591 3055 ita
615 2989 728 3054 dictus
749 2991 937 3071 imperator
959 2989 1098 3069 scripsit

153 3087 324 3152 universis
344 3091 483 3171 regibus
505 3097 540 3155 et
556 3091 768 3173 principibus
786 3088 991 3153 Christianis
1013 3106 1095 3150 eon·

151 3206 297 3269 querens
310 3190 517 3253 sententiam
532 3191 569 3254 in
586 3210 663 3255 eum
675 3191 781 3254 fuisse
794 3189 959 3273 injuriose
976 3188 1095 3251 latam.

152 3286 382 3352 Denuntiavit
405 3289 510 3353 etiam
534 3291 681 3372 singulis
706 3299 741 3356 et
763 3290 944 3366 universiS,
967 3308 1096 3352 senon

151 3386 282 3451 frivolis
313 3389 606 3468 excusationibus,
637 3391 728 3454 sicut
755 3391 788 3454 ei
813 3409 905 3472 papa
935 3389 1097 3452 mendose

150 3486 326 3569 imposuit,
356 3507 379 3551 a
410 3489 687 3571 peregrinatione
714 3509 888 3553 reversum
923 3488 1095 3564 inchoata,

153 3586 212 3650 sed
235 3588 397 3651 maximae
419 3588 629 3652 infirmitatis
644 3608 761 3666 causa,
782 3588 883 3651 Illius
905 3607 1010 3669 super
1030 3585 1096 3650 hoc

154 3687 386 3751 testimonium
419 3689 598 3767 invocanS,
631 3689 691 3770 qui
727 3696 780 3751 est
810 3688 909 3751 testis
941 3687 977 3748 in
1010 3686 1095 3749 caelo

152 3785 273 3851 fidelis.
301 3786 499 3853 Affirmavit
514 3789 666 3870 insuper,
683 3789 776 3871 quia,
792 3807 895 3870 quam
911 3786 1013 3849 citius
1031 3786 1096 3848 sibi

152 3884 249 3949 Deus
274 3889 537 3970 prosperitatem
560 3889 761 3972 praestiterit
785 3886 1010 3970 corporalem,
1036 3905 1096 3949 vo·

152 3992 224 4050 tum
236 4005 309 4050 suae
319 3989 617 4070 peregrinationis,
630 3989 719 4052 sicut
736 3988 834 4052 decet
844 3988 1102 4070 imperatorem,

154 4104 232 4148 cum
253 4085 381 4152 honore
404 4107 556 4170 congruo
580 4090 776 4173 persolvere
800 4088 950 4151 Domino
972 4103 1098 4167 procu-

152 4186 254 4251 rabit.
307 4185 405 4252 Iuter
423 4196 568 4255 caeteros
593 4189 761 4273 siquidem
788 4186 975 4251 catholicos
1001 4204 1098 4276 reges
