2864 4866
353 402 418 465 300
608 415 742 462 nouum
766 415 813 461 nn
836 414 1043 463 wuuuovnn

425 643 515 720 Quod
527 664 620 707 comes
635 642 845 707 Moresoolbrs
859 643 894 706 io
909 640 1101 706 Hiberniam
1116 645 1236 708 oeoieos

557 765 706 829 pererrent
723 752 829 806 contro
848 764 944 828 repom
961 743 1096 806 mouerit.

194 901 249 938 no.
261 901 316 938 12³4.
418 868 498 932 Hoc
517 887 655 949 quoque
677 875 831 949 tempore
855 875 1024 931 venerunt
1041 868 1152 931 nuntii
1176 868 1218 932 ad
1239 867 1303 931 Ri-

194 950 343 1038 ἷιῖξιζῖῗξω
356 968 519 1031 chardum
545 968 704 1030 comitem
734 966 978 1030 Marescallum
1008 966 1193 1030 referentes
1217 988 1303 1049 quo-

194 1050 316 1140 {min
356 1067 457 1130 modo
477 1067 654 1148 saepedicti
674 1073 854 1147 magnates
877 1066 1055 1130 Hiberniae
1074 1073 1200 1130 terram
1224 1067 1302 1152 ejus

356 1167 526 1230 hostiliter
548 1167 695 1246 ingressi
715 1166 873 1246 quaedam
904 1167 1014 1247 ipsius
1038 1167 1180 1229 castella
1203 1186 1301 1249 cepe-

357 1273 436 1329 rant
464 1272 499 1330 et
519 1284 594 1328 eam
621 1273 852 1347 pervagantes
884 1265 1014 1347 rapinis
1037 1274 1072 1328 et
1098 1266 1218 1347 spoliis
1250 1267 1302 1328 in-

356 1365 556 1446 dulgebant.
604 1365 832 1428 Maresoallus
851 1372 978 1441 autem,
995 1384 1072 1428 cum
1095 1385 1157 1428 rex
1169 1363 1301 1446 Anglo-

357 1484 431 1526 rum
448 1472 528 1546 post
542 1463 614 1527 dies
632 1463 822 1528 Natalitios
845 1465 1082 1547 expeditiones
1100 1464 1242 1527 bellicas
1264 1467 1299 1528 in

356 1562 495 1627 Walliis
527 1556 730 1627 ¹dimisisset
755 1570 790 1626 et
816 1564 986 1626 australes
1016 1563 1153 1643 Angliae
1182 1572 1301 1646 partes

356 1664 512 1744 petisset,
531 1664 622 1726 circa
644 1663 917 1744 purificationem
941 1664 1053 1727 heatae
1078 1662 1201 1726 Mariae
1222 1682 1300 1726 cum

356 1762 548 1851 quindecim
568 1768 702 1824 tantum
724 1762 889 1825 militibus
908 1763 942 1824 in
966 1762 1169 1825 Hiberniam
1188 1769 1301 1826 trans-

356 1860 508 1938 fretavit,
520 1870 560 1925 ut
573 1861 721 1925 hostium
737 1880 878 1924 suorum
895 1861 1062 1925 malitiam
1078 1861 1298 1940 refraenaret3

357 1962 416 2042 qui
440 1980 516 2024 cum
537 1960 662 2023 ibidem
683 1960 917 2042 applicuisset,
938 1962 1033 2024 veuit
1047 1960 1091 2024 ad
1108 1980 1185 2022 eum
1205 1960 1301 2024 Gau-

356 2059 464 2124 fridus
491 2059 533 2122 de
562 2058 726 2136 Marisco,
751 2059 853 2123 homo
881 2060 956 2142 ejus
986 2059 1103 2141 ligiuS,
1132 2060 1192 2122 sed
1223 2061 1300 2123 infi-

356 2158 454 2237 delis,
477 2160 536 2243 qui
560 2158 731 2223 Mauricio
747 2159 955 2242 justiciario,
978 2158 1122 2239 Hugoni
1150 2159 1193 2221 de
1215 2159 1299 2222 Las-

356 2259 429 2322 ceio
452 2267 488 2322 et
506 2258 681 2322 Richardo
704 2257 746 2320 de
769 2258 900 2339 Burgo,
925 2278 966 2322 ac
989 2259 1123 2323 caeteris
1151 2259 1299 2321 inimicis

355 2359 463 2439 ipsius
489 2357 687 2421 Marescalli
708 2357 962 2421 confoederatus
981 2367 1068 2435 erat,
1090 2365 1126 2421 et
1144 2355 1298 2421 adhaere-

354 2457 415 2520 bat
429 2459 460 2520 ei
482 2457 518 2519 in
544 2456 636 2534 dolo,
653 2456 847 2534 consulens,
870 2465 1046 2521 utcontra
1068 2457 1184 2520 hostes
1208 2476 1299 2541 prae-

354 2555 464 2619 dictos
491 2575 586 2619 arma
614 2562 768 2620 moveret
792 2564 827 2619 et
852 2556 1055 2620 Hiberniam
1082 2555 1298 2640 subjugaret.

355 2654 583 2719 Marescallus
594 2675 677 2720 vero
693 2675 755 2738 per
765 2663 891 2718 terram
909 2676 1007 2720 suam
1023 2656 1198 2739 profectus
1214 2675 1298 2720 con-

354 2756 513 2836 gregavit
528 2756 716 2818 cxeroitum
738 2756 926 2837 copiosum,
948 2765 984 2820 et
1002 2756 1119 2820 hostes
1143 2774 1225 2818 suos
1246 2756 1298 2818 in·

354 2864 493 2918 secutus
517 2856 671 2932 castella,
695 2874 772 2937 quae
797 2863 971 2937 ceperant,
989 2876 1053 2938 pro
1077 2864 1175 2937 parte
1200 2874 1299 2919 revo-

354 2955 469 3033 cavit3
498 2955 652 3018 Lemeric
668 2973 817 3036 quoque,
833 2955 1000 3020 famosam
1018 2955 1198 3019 Hiberniae
1215 2956 1299 3019 civi-

354 3060 474 3131 tatem,
490 3054 719 3135 quatriduana
742 3054 919 3118 obsidione
942 3056 1034 3137 cepit
1051 3062 1085 3118 et
1102 3074 1146 3118 ex
1164 3054 1297 3118 civibus

355 3154 472 3233 exegit
487 3153 708 3232 fidelitatem3
734 3153 856 3217 deinde
879 3154 1051 3218 hostiliter
1073 3153 1297 3237 progrediens

353 3252 445 3332 cepit
458 3260 528 3315 tam
545 3253 636 3334 regis
651 3252 794 3316 castella
808 3273 910 3335 quam
924 3254 1068 3317 aliorum
1083 3253 1299 3316 inimicorum

353 3357 506 3427 suorum,
529 3353 700 3433 accipiens
723 3371 745 3415 a
766 3353 965 3416 custodibus
989 3353 1235 3436 juramentum,
1255 3372 1298 3416 ne

353 3449 428 3533 ejus
455 3453 668 3534 propositum
694 3452 908 3533 impedirent.
966 3451 1152 3533 Magnetes
1182 3449 1298 3515 autem

352 3550 508 3631 praedicti
532 3551 583 3615 illi
607 3570 784 3614 occurrere
809 3570 878 3615 non
902 3552 1069 3616 audentes
1093 3551 1257 3633 sugerunt
1277 3571 1298 3614 a

352 3648 439 3713 facie
455 3651 529 3733 ejus
546 3651 589 3713 ad
607 3650 685 3714 loca
702 3650 897 3727 remotiora,
916 3653 978 3715 ubi
1002 3652 1128 3715 milites
1150 3658 1185 3714 et
1202 3651 1299 3732 equi-

353 3755 405 3811 tes
423 3749 607 3814 bellatores
625 3769 702 3812 cum
720 3749 822 3812 turba
843 3750 994 3831 peditum
1019 3758 1228 3815 armatorum
1246 3751 1298 3812 in·

352 3865 495 3912 numera
522 3855 770 3930 congregantes
796 3848 839 3912 ad
873 3859 1065 3931 campestre
1087 3869 1163 3912 sese
1185 3849 1299 3929 praeli-

370 4069 815 4142 ¹Dimisisset.]‘Dimissis’inMS.,
840 4075 860 4122 it
880 4075 931 4122 had
954 4075 1017 4122 been
1038 4074 1157 4123 intended
1179 4079 1205 4123 to
1226 4075 1301 4124 write

351 4145 401 4193 and
416 4146 458 4194 the
478 4145 533 4195 ‘et'
542 4145 664 4206 wanting,
678 4157 707 4192 as
719 4143 814 4207 though
840 4144 1064 4205 ‘expeditionibus
1080 4139 1195 4193 bellicis?
