2864 4866
400 421 539 469 rucnns
563 422 832 472 nrsronrnnun
1040 409 1085 473 49

135 574 261 640 danum
289 579 479 663 Babylonis
507 588 542 644 et
564 579 639 664 ejus
668 580 856 644 exercitum
880 581 1019 668 invasit,
1043 589 1151 686 utun
1161 598 1218 637 ¹2¹9-

134 675 263 740 relictis
298 679 467 754 tentoriis
507 680 747 761 ignorantibus
784 682 888 745 etiam
923 683 1082 764 paganis,
1094 647 1170 738 diffie
1163 648 1209 738 ll·

134 795 222 857 quos
252 778 297 842 ad
327 779 556 844 resistendum
593 779 751 844 fidelibus
781 780 1014 861 ordinaverat,
1044 783 1081 847 in

133 876 210 941 sola
223 876 308 961 suga
321 899 418 963 spem
435 880 622 958 haberent3
643 880 735 944 unde
750 882 890 964 quidam
907 890 1080 966 apostata,
1136 903 1140 908 ·

133 976 193 1059 qui
218 979 328 1045 multo
353 987 508 1064 tempore
533 980 809 1045 Christianorum
833 982 944 1063 legem
967 990 1080 1047 trans-

133 1097 272 1158 gressus
295 1082 360 1145 sub
389 1081 540 1146 Soldano
567 1080 790 1160 militaverat,
818 1089 915 1146 stans
944 1083 981 1145 iu
1003 1084 1080 1166 ripa

134 1176 284 1243 fluminis
315 1180 454 1245 Gallica
482 1181 604 1263 lingua
634 1181 783 1246 clamare
809 1183 929 1265 coepit,
958 1182 1081 1261 ‘Quid

133 1279 337 1344 moramini?
368 1281 449 1364 quid
472 1282 676 1365 trepidatis?
704 1281 875 1346 Soldanus
899 1284 1078 1362 recessit3'

133 1384 180 1455 et,
196 1377 261 1444 hoe
284 1381 387 1458 dicto,
408 1403 446 1447 se
465 1383 572 1465 recipi
589 1383 625 1446 in
644 1381 919 1446 Christianorum
937 1384 1081 1447 navicu.

131 1477 201 1541 lam
239 1482 442 1563 postulavit,
475 1483 594 1564 sicque
629 1482 785 1546 fidelibus
818 1483 918 1546 fidem
947 1483 1079 1547 faciens

132 1577 210 1642 illos
228 1581 273 1644 ad
290 1583 474 1647 transitum
495 1582 646 1646 fluminis
668 1583 844 1647 animabat
859 1605 867 1663 ;
891 1591 927 1648 et
944 1602 1078 1649 summo

130 1677 297 1759 diluculo,
329 1703 407 1747 cum
438 1682 636 1747 inchoatum
666 1689 758 1748 esset
784 1684 900 1747 missae
929 1682 1079 1750 officium

130 1778 385 1846 ‘Gaudeamus
415 1802 534 1849 omnes
562 1784 598 1846 in
630 1782 806 1860 Domino,'
833 1804 895 1866 por
925 1786 1078 1850 oratoria

132 1878 407 1947 Christianorum
429 1884 590 1949 nuntiata
608 1890 690 1947 sunt
706 1882 779 1948 haec
801 1884 875 1965 regi
897 1890 932 1947 et
947 1883 1077 1964 legato.

132 1979 271 2064 Itaque,
291 1982 503 2065 fugientibus
525 1984 719 2061 Saracenis,
737 1982 926 2048 Christiani
947 1984 1079 2067 absque

131 2083 311 2163 sanguinis
330 2083 495 2149 effusione
519 2092 555 2150 et
572 2083 665 2147 omni
689 2083 933 2166 impedimento
951 2083 1078 2148 flumen

130 2183 363 2264 transierunt3
387 2186 447 2249 sed
465 2185 552 2250 adeo
571 2184 694 2248 limosa
719 2195 754 2249 et
776 2185 876 2268 aquis
899 2184 1078 2267 profundi-

132 2283 249 2347 oribus
277 2283 424 2350 difficilis
449 2286 516 2350 fuit
540 2285 584 2348 ad
612 2284 855 2368 applicandum
877 2291 971 2349 terra
996 2285 1077 2349 hos·

131 2383 214 2460 tilis,
252 2391 292 2448 ut
325 2386 386 2450 vix
420 2405 497 2450 eam
535 2385 616 2468 equi
651 2385 836 2448 ascendere
870 2385 1077 2468 potuissent.

130 2481 320 2566 Templarii
338 2493 467 2564 autem,
486 2486 665 2569 praeduces
686 2485 721 2548 in
738 2502 895 2563 ascensu,
912 2505 1078 2568 prospero

129 2602 233 2648 cursu
249 2585 293 2648 ad
310 2584 487 2651 civitatem
507 2586 771 2663 festinaverunt,
794 2592 987 2651 sternentes
1003 2605 1078 2668 per-

129 2683 229 2762 fidos,
255 2686 313 2768 qui
340 2687 504 2751 audacter
525 2687 568 2752 de
593 2687 703 2770 portis
732 2686 862 2768 egressi
888 2685 1077 2750 Christico-

130 2783 173 2847 lis
203 2786 420 2853 venientibus
449 2793 699 2876 occurrerunt3
731 2785 900 2867 sed,yillis
928 2785 965 2848 in
992 2785 1077 2851 civi·

36 2969 41 2978 .
130 2891 237 2949 tatem
269 2885 380 2951 redire
412 2888 610 2971 compulsis,
640 2887 813 2951 exercitus
844 2885 974 2951 Christi
1002 2893 1077 2950 ten-

129 2984 220 3050 toria
253 2986 396 3052 Soldani
437 2988 622 3072 occupavit
654 3006 696 3051 ac
729 2987 841 3069 spolia
871 2986 1077 3068 fugientium

128 3103 356 3168 paganorum.
425 3088 574 3172 Targias
606 3087 735 3151 multas
762 3094 797 3151 et
826 3086 970 3168 galeias,
999 3105 1077 3150 cum

129 3186 285 3251 bar-botis
301 3195 336 3253 et
352 3189 499 3254 navibus
515 3188 605 3265 aliis,
621 3206 700 3270 quae
716 3185 807 3250 infra
825 3185 950 3250 Casale
967 3205 1077 3268 usque

130 3286 174 3350 ad
202 3288 378 3353 civitatem
406 3289 681 3364 inveniebantur,
712 3285 928 3351 Christicolae
954 3305 1080 3368 rapue-

128 3395 230 3467 runt3
253 3389 344 3453 unde
363 3389 572 3472 perfidorum
592 3386 788 3462 multitudo,
811 3384 938 3450 relictis
961 3386 1078 3450 uxori-

129 3488 194 3550 bus
229 3506 270 3552 ac
310 3490 465 3572 parvulis
502 3497 645 3572 propter
677 3487 828 3551 fidelium
861 3487 1079 3569 inopinatum

129 3587 326 3667 transitum,
358 3590 400 3653 de
434 3589 597 3654 Damieta
626 3588 800 3670 fugerunt.
853 3587 986 3651 Deinde
1016 3607 1080 3669 per

128 3705 252 3772 gyrum
278 3690 420 3755 obsessa
446 3697 501 3755 est
526 3689 700 3766 Damieta,
726 3688 882 3754 exercitu
909 3686 1079 3751 exercitui

128 3808 190 3871 per
212 3791 328 3872 pontis
354 3791 637 3873 compositionem
660 3789 874 3866 continuato,
897 3796 1079 3868 utramque

128 3889 239 3974 ripam
257 3890 409 3956 fluminis
430 3892 701 3972 contingentem.
