2864 4866
417 424 558 473 nnoans
584 425 856 476 ursuomnauu.
1042 412 1107 477 163

44 663 46 666 Α
157 600 248 645 nunc
266 581 353 663 eripi
373 581 415 646 de
435 584 593 646 manibus
618 603 833 666 paganorum
854 587 1103 669 sperabamus·
1095 637 1104 668 ,
1118 601 1230 692 pu
1167 603 1241 642 ¹22⁸·

155 701 260 763 quam
276 682 425 760 olim,t
385 703 409 745 u
411 685 616 761 tassaritur,
631 694 868 767 recuperasset
887 686 1141 792 Christianusyg
1137 652 1241 793 ἓθιὲτοομοῖ

156 783 329 846 exercitus
358 802 420 865 per
442 785 679 848 concambium
701 786 884 864 Damietae,
912 788 979 850 nisi
998 753 1154 852 semelthe
1162 763 1265 805 'W'

157 882 206 945 eis
238 888 274 946 et
294 883 421 947 iterum
450 885 686 966 imperialibus
712 886 834 950 fuisset
857 886 967 950 literis
997 889 1104 951 inter·

157 982 308 1062 dictum3
341 984 401 1066 qui
431 985 535 1048 etiam
559 1004 626 1048 non
650 985 810 1050 suisset
800 1006 837 1049 ru
862 988 1021 1051 manibus
1042 1007 1105 1069 pa-

158 1101 327 1165 ganorum
343 1084 508 1162 inclusus,
523 1085 553 1148 si
572 1085 764 1167 galeiarum
778 1087 981 1163 subsidium,
999 1094 1040 1151 ut
1055 1107 1100 1152 ex

155 1191 254 1266 parte
270 1202 335 1246 sua
353 1184 559 1266 promissum
575 1184 689 1249 fuerat
706 1193 741 1249 et
755 1186 829 1250 fieri
845 1193 994 1269 poterat,
1021 1188 1102 1251 sub..

155 1290 311 1347 secutum
326 1291 429 1362 esset,
452 1304 534 1349 nam
557 1286 732 1362 Damieta,
755 1306 847 1369 quae,
868 1294 907 1350 ut
922 1289 1102 1363 astruitur,

155 1401 219 1447 suo
239 1383 371 1448 tradita
391 1385 513 1450 nuntio
533 1392 568 1449 et
591 1385 717 1468 aquilis
741 1386 976 1469 imperialibus
997 1388 1102 1469 insig-

155 1483 240 1558 nita,
263 1483 384 1548 eodem
408 1485 464 1549 die
484 1485 668 1550 crudeliter
695 1486 857 1568 spoliata,
877 1493 912 1551 et
933 1507 996 1571 per
1020 1507 1102 1552 suos

155 1582 364 1649 deteriorata
381 1585 495 1650 viliter
516 1593 552 1650 et
576 1587 816 1667 ignominiose,
835 1606 899 1670 per
919 1588 1014 1670 ipsos
1036 1587 1103 1651 fuit

152 1683 350 1748 infidelibus
377 1687 550 1751 restituta.
611 1685 774 1749 Recurrit
805 1688 910 1751 etiam
941 1687 985 1750 ad
1015 1689 1101 1751 redi·

153 1785 234 1849 viva
255 1786 417 1868 suspiria,
440 1794 476 1852 et
492 1785 711 1851 amissionem
734 1789 983 1870 praescriptam,
1005 1807 1101 1852 reco-

153 1885 228 1949 lens
242 1885 414 1951 Damietae
436 1893 492 1951 tot
512 1887 669 1950 laborum
692 1890 885 1969 angustias,
904 1895 956 1951 tot
970 1907 1101 1970 expen-

152 2004 268 2049 sarum
284 1986 477 2069 dispendia,
498 1993 552 2050 tot
574 1994 702 2051 mortes
724 1987 887 2064 fidelium,
910 1994 945 2051 et
967 1995 1021 2051 tot
1043 2006 1100 2051 ex·

151 2104 274 2150 cursus
285 2093 492 2168 temporum,
504 2107 584 2169 quae
598 2087 767 2151 inutiliter
783 2088 1003 2164 affluxerunt,
1022 2089 1102 2151 sub-

152 2186 239 2249 ortis
253 2186 437 2269 lachrymis
452 2187 535 2252 flere
550 2207 619 2252 non
634 2195 766 2268 cessat3
790 2206 853 2251 nec
870 2195 924 2252 est
941 2187 1001 2270 qui
1018 2207 1099 2251 con-

152 2286 284 2350 soletur
312 2305 389 2351 eam
411 2308 456 2352 ex
479 2287 637 2352 omnibus
653 2288 749 2351 caris
772 2289 859 2371 ejuS,
880 2307 943 2352 nec
969 2288 1101 2352 abster-

152 2393 214 2467 gat
228 2388 424 2472 lachrymas
440 2409 462 2452 a
476 2388 640 2453 maxillis.
684 2387 772 2452 Cum
788 2407 872 2469 ergo
887 2407 958 2452 vox
972 2387 1048 2471 ejus
1064 2388 1100 2450 in

154 2486 269 2552 Rama
286 2488 363 2572 jam
384 2489 549 2566 sonuerit,
571 2494 607 2551 et
624 2485 758 2551 Rachel
778 2507 847 2550 nou
863 2487 975 2551 solum
998 2488 1099 2565 filios,

153 2589 214 2652 sed
230 2588 304 2653 hacc
320 2589 436 2652 omnia
455 2587 697 2653 irremediabili
713 2587 960 2651 lamentatione
981 2587 1100 2670 deplo-

152 2695 218 2764 ret,
241 2689 318 2772 quis
339 2687 489 2752 fidelium
511 2707 532 2751 a
551 2687 736 2769 gemitibus
757 2696 793 2752 et
813 2688 971 2771 suspiriis
990 2687 1100 2751 conti·

154 2790 273 2854 nebit?
306 2787 395 2868 Quis
412 2789 570 2864 liliorum,
588 2807 731 2853 cernens
747 2807 914 2871 aquarum
929 2786 1100 2871 profluvia

151 2889 194 2953 de
216 2889 336 2953 matris
359 2890 468 2954 oculis
490 2880 709 2970 prodeuntia,
734 2887 929 2970 lachrymas
954 2906 1022 2950 nou
1050 2888 1099 2950 ef·

154 2988 297 3054 sundetl
344 2988 432 3067 Quis
448 2990 569 3053 matris
585 3009 655 3052 nou
672 2988 900 3070 compatietur
916 2987 1099 3069 angustiis,

152 3108 215 3153 nec
241 3089 415 3154 immensis
441 3089 517 3173 ejus
541 3088 716 3153 doloribus
740 3087 965 3168 condolebitt
1011 3085 1099 3164 Quis

149 3188 302 3253 fidelium
332 3196 473 3273 propter
500 3188 575 3253 haec
606 3208 676 3252 non
706 3188 883 3251 ardentius
907 3187 1098 3251 inflamma·

152 3289 246 3353 bitur
275 3289 321 3353 ad
352 3290 543 3353 subsidium
573 3296 675 3353 terrae
705 3295 848 3364 sanctae‚
883 3306 926 3350 ue
955 3285 1100 3350 Christi-

153 3408 220 3453 ana
234 3389 403 3473 juventus
424 3409 469 3453 ex
490 3390 668 3473 insperato
684 3407 768 3452 casu
790 3387 929 3471 penitus
947 3393 1099 3470 prostra-

151 3496 189 3553 ta
216 3489 376 3560 videatur
398 3497 433 3553 et
462 3485 690 3570 ignominiose
713 3488 828 3552 animo
852 3489 1099 3551 consternatal

153 3589 280 3654 Nonne
302 3590 370 3655 viri
401 3589 535 3654 cordati
565 3596 602 3654 et
624 3589 685 3652 filii
706 3589 730 3652 J
733 3608 795 3652 esu
819 3586 949 3651 Christi
975 3587 1102 3651 debent

151 3690 195 3757 ad
211 3690 402 3754 subsidium
420 3698 522 3755 terrae
537 3697 670 3754 sanctae
685 3696 783 3753 tauto
801 3688 925 3752 fortius
943 3688 1101 3763 animari,

150 3794 282 3874 quanto
296 3790 521 3872 ignominiam
536 3791 685 3874 amplius
701 3789 870 3853 resultare
883 3787 1101 3869 conspiciunt

151 3909 198 3954 ex
223 3891 402 3973 insperata
426 3891 526 3955 ruina
548 3891 584 3953 in
610 3889 750 3953 Patrem
773 3888 946 3964 etlilium,
969 3887 1006 3949 in
1032 3886 1102 3950 Re-

149 3990 363 4073 demptorem
380 3998 485 4074 atque
504 3989 712 4073 redemptos,
732 3990 767 4052 in
785 3988 963 4053 Christum
985 3993 1022 4050 et
1038 4006 1100 4069 po·

149 4091 269 4173 pulum
290 4090 556 4156 Christianuml
610 4090 687 4154 Nos
708 4090 816 4171 igitur
837 4088 903 4152 hoc
924 4087 1101 4169 negotium

151 4197 249 4255 tanto
274 4191 452 4256 ardentius
479 4209 652 4255 resumere
674 4189 875 4253 affectamus
899 4196 934 4251 et
957 4186 1099 4269 profun-

947 4310 996 4354 ui
