<?xml version="1.0" encoding="UTF-8"?>
<!DOCTYPE html PUBLIC "-//W3C//DTD XHTML 1.0 Transitional//EN"
    "http://www.w3.org/TR/xhtml1/DTD/xhtml1-transitional.dtd">
<html xmlns="http://www.w3.org/1999/xhtml" xml:lang="en" lang="en">
 <head>
  <title>
</title>
<meta http-equiv="Content-Type" content="text/html;charset=utf-8" />
  <meta name='ocr-system' content='tesseract 3.04.00' />
  <meta name='ocr-capabilities' content='ocr_page ocr_carea ocr_par ocr_line ocrx_word'/>
</head>
<body>
  <div class='ocr_page' id='page_1' title='image "./rogeridewendove03rogegoog_0340.png"; bbox 0 0 2864 4866; ppageno 0'>
   <div class='ocr_carea' id='block_1_1' title="bbox 371 390 1058 454">
    <p class='ocr_par' dir='ltr' id='par_1_1' title="bbox 371 390 1058 454">
     <span class='ocr_line' id='line_1_1' title="bbox 371 390 1058 454; baseline 0.006 -4"><span class='ocrx_word' id='word_1_1' title='bbox 371 401 803 452; x_wconf 75' lang='lat' dir='ltr'><strong>rnonnsurs‘ronmnuu.</strong></span> <span class='ocrx_word' id='word_1_2' title='bbox 992 390 1058 454; x_wconf 61' lang='lat'><strong>&amp;29</strong></span> 
     </span>
    </p>
   </div>
   <div class='ocr_carea' id='block_1_2' title="bbox 112 560 1216 4035">
    <p class='ocr_par' dir='ltr' id='par_1_2' title="bbox 112 560 1216 4035">
     <span class='ocr_line' id='line_1_2' title="bbox 112 560 1195 646; baseline -0.006 -22"><span class='ocrx_word' id='word_1_3' title='bbox 112 567 147 624; x_wconf 91' lang='lat' dir='ltr'><strong>et</strong></span> <span class='ocrx_word' id='word_1_4' title='bbox 163 560 242 624; x_wconf 91' lang='lat' dir='ltr'><strong>felle</strong></span> <span class='ocrx_word' id='word_1_5' title='bbox 259 568 411 644; x_wconf 90' lang='lat' dir='ltr'><strong>potatus,</strong></span> <span class='ocrx_word' id='word_1_6' title='bbox 433 562 555 624; x_wconf 89' lang='lat' dir='ltr'><strong>lancea</strong></span> <span class='ocrx_word' id='word_1_7' title='bbox 571 560 777 643; x_wconf 86' lang='lat' dir='ltr'><strong>perforatus,</strong></span> <span class='ocrx_word' id='word_1_8' title='bbox 800 560 962 624; x_wconf 91' lang='lat' dir='ltr'><strong>emittens</strong></span> <span class='ocrx_word' id='word_1_9' title='bbox 978 580 1056 624; x_wconf 90' lang='lat' dir='ltr'><strong>cum</strong></span> <span class='ocrx_word' id='word_1_10' title='bbox 1070 579 1125 619; x_wconf 71' lang='lat' dir='ltr'><strong>en.</strong></span> <span class='ocrx_word' id='word_1_11' title='bbox 1136 580 1195 646; x_wconf 62' lang='lat' dir='ltr'><strong>rur.</strong></span> 
     </span>
     <span class='ocr_line' id='line_1_3' title="bbox 112 631 1216 743; baseline -0.005 -20"><span class='ocrx_word' id='word_1_12' title='bbox 112 661 261 724; x_wconf 89' lang='lat' dir='ltr'><strong>clamore</strong></span> <span class='ocrx_word' id='word_1_13' title='bbox 277 661 391 724; x_wconf 88' lang='lat' dir='ltr'><strong>valido</strong></span> <span class='ocrx_word' id='word_1_14' title='bbox 405 661 576 743; x_wconf 91' lang='lat' dir='ltr'><strong>spiritum,</strong></span> <span class='ocrx_word' id='word_1_15' title='bbox 594 681 657 742; x_wconf 92' lang='lat' dir='ltr'><strong>pro</strong></span> <span class='ocrx_word' id='word_1_16' title='bbox 677 660 881 724; x_wconf 89' lang='lat' dir='ltr'><strong>conditionis</strong></span> <span class='ocrx_word' id='word_1_17' title='bbox 897 660 1057 725; x_wconf 87' lang='lat' dir='ltr'><strong>humanae</strong></span> <span class='ocrx_word' id='word_1_18' title='bbox 1069 631 1216 719; x_wconf 47' lang='lat' dir='ltr'><strong>{diffie</strong></span> 
     </span>
     <span class='ocr_line' id='line_1_4' title="bbox 112 730 1168 842; baseline 0.001 -19"><span class='ocrx_word' id='word_1_19' title='bbox 112 761 243 823; x_wconf 88' lang='lat' dir='ltr'><strong>viribus</strong></span> <span class='ocrx_word' id='word_1_20' title='bbox 256 761 470 842; x_wconf 81' lang='lat' dir='ltr'>reparandis,</span> <span class='ocrx_word' id='word_1_21' title='bbox 484 779 623 823; x_wconf 90' lang='lat' dir='ltr'><strong>cursum</strong></span> <span class='ocrx_word' id='word_1_22' title='bbox 637 760 817 842; x_wconf 86' lang='lat' dir='ltr'><strong>praesentis</strong></span> <span class='ocrx_word' id='word_1_23' title='bbox 828 760 912 824; x_wconf 88' lang='lat' dir='ltr'><strong>vitae</strong></span> <span class='ocrx_word' id='word_1_24' title='bbox 925 767 1059 824; x_wconf 89' lang='lat' dir='ltr'><strong>satura·</strong></span> <span class='ocrx_word' id='word_1_25' title='bbox 1070 730 1168 770; x_wconf 54' lang='lat' dir='ltr'><strong>“um</strong></span> 
     </span>
     <span class='ocr_line' id='line_1_5' title="bbox 113 859 1060 942; baseline 0.002 -21"><span class='ocrx_word' id='word_1_26' title='bbox 113 867 170 922; x_wconf 90' lang='lat' dir='ltr'><strong>tus</strong></span> <span class='ocrx_word' id='word_1_27' title='bbox 184 860 319 942; x_wconf 89' lang='lat' dir='ltr'><strong>injuriis</strong></span> <span class='ocrx_word' id='word_1_28' title='bbox 332 860 594 924; x_wconf 84' lang='lat' dir='ltr'><strong>consummavit.</strong></span> <span class='ocrx_word' id='word_1_29' title='bbox 640 859 710 922; x_wconf 89' lang='lat' dir='ltr'><strong>Hic</strong></span> <span class='ocrx_word' id='word_1_30' title='bbox 721 865 774 922; x_wconf 92' lang='lat' dir='ltr'><strong>est</strong></span> <span class='ocrx_word' id='word_1_31' title='bbox 788 866 916 936; x_wconf 91' lang='lat' dir='ltr'><strong>antem,</strong></span> <span class='ocrx_word' id='word_1_32' title='bbox 928 867 968 923; x_wconf 91' lang='lat' dir='ltr'><strong>ut</strong></span> <span class='ocrx_word' id='word_1_33' title='bbox 982 860 1060 923; x_wconf 89' lang='lat' dir='ltr'><strong>alti-</strong></span> 
     </span>
     <span class='ocr_line' id='line_1_6' title="bbox 113 958 1059 1041; baseline 0.003 -21"><span class='ocrx_word' id='word_1_34' title='bbox 113 977 155 1020; x_wconf 93' lang='lat' dir='ltr'><strong>us</strong></span> <span class='ocrx_word' id='word_1_35' title='bbox 171 967 379 1041; x_wconf 79' lang='lat' dir='ltr'><strong>repetamuS,</strong></span> <span class='ocrx_word' id='word_1_36' title='bbox 397 960 456 1041; x_wconf 94' lang='lat' dir='ltr'><strong>qui</strong></span> <span class='ocrx_word' id='word_1_37' title='bbox 472 959 515 1022; x_wconf 90' lang='lat' dir='ltr'><strong>de</strong></span> <span class='ocrx_word' id='word_1_38' title='bbox 533 958 695 1022; x_wconf 87' lang='lat' dir='ltr'><strong>Paternae</strong></span> <span class='ocrx_word' id='word_1_39' title='bbox 712 958 800 1021; x_wconf 92' lang='lat' dir='ltr'><strong>solio</strong></span> <span class='ocrx_word' id='word_1_40' title='bbox 817 959 949 1039; x_wconf 82' lang='lat' dir='ltr'><strong>gloriae,</strong></span> <span class='ocrx_word' id='word_1_41' title='bbox 964 960 1059 1023; x_wconf 85' lang='lat' dir='ltr'><strong>caelis</strong></span> 
     </span>
     <span class='ocr_line' id='line_1_7' title="bbox 114 1058 1060 1134; baseline 0.001 -13"><span class='ocrx_word' id='word_1_42' title='bbox 114 1059 315 1122; x_wconf 91' lang='lat' dir='ltr'><strong>mirabiliter</strong></span> <span class='ocrx_word' id='word_1_43' title='bbox 334 1059 520 1134; x_wconf 89' lang='lat' dir='ltr'><strong>inclinatis,</strong></span> <span class='ocrx_word' id='word_1_44' title='bbox 537 1059 580 1120; x_wconf 90' lang='lat' dir='ltr'><strong>ad</strong></span> <span class='ocrx_word' id='word_1_45' title='bbox 602 1065 729 1121; x_wconf 87' lang='lat' dir='ltr'><strong>nostrae</strong></span> <span class='ocrx_word' id='word_1_46' title='bbox 750 1058 971 1122; x_wconf 79' lang='lat' dir='ltr'><strong>mortalitatis</strong></span> <span class='ocrx_word' id='word_1_47' title='bbox 989 1060 1060 1123; x_wconf 87' lang='lat' dir='ltr'><strong>ima</strong></span> 
     </span>
     <span class='ocr_line' id='line_1_8' title="bbox 114 1157 1061 1239; baseline 0.003 -20"><span class='ocrx_word' id='word_1_48' title='bbox 114 1157 323 1222; x_wconf 90' lang='lat' dir='ltr'><strong>descendens</strong></span> <span class='ocrx_word' id='word_1_49' title='bbox 339 1178 408 1221; x_wconf 90' lang='lat' dir='ltr'><strong>non</strong></span> <span class='ocrx_word' id='word_1_50' title='bbox 422 1159 628 1239; x_wconf 88' lang='lat' dir='ltr'><strong>dedignatus</strong></span> <span class='ocrx_word' id='word_1_51' title='bbox 643 1164 696 1220; x_wconf 90' lang='lat' dir='ltr'><strong>est</strong></span> <span class='ocrx_word' id='word_1_52' title='bbox 712 1157 809 1220; x_wconf 86' lang='lat' dir='ltr'><strong>Deus</strong></span> <span class='ocrx_word' id='word_1_53' title='bbox 826 1158 939 1235; x_wconf 92' lang='lat' dir='ltr'><strong>homo,</strong></span> <span class='ocrx_word' id='word_1_54' title='bbox 955 1157 1061 1222; x_wconf 87' lang='lat' dir='ltr'><strong>Crea-</strong></span> 
     </span>
     <span class='ocr_line' id='line_1_9' title="bbox 116 1257 1061 1340; baseline 0.002 -20"><span class='ocrx_word' id='word_1_55' title='bbox 116 1265 171 1320; x_wconf 88' lang='lat' dir='ltr'><strong>tor</strong></span> <span class='ocrx_word' id='word_1_56' title='bbox 184 1265 343 1321; x_wconf 90' lang='lat' dir='ltr'><strong>creatura</strong></span> <span class='ocrx_word' id='word_1_57' title='bbox 355 1258 440 1335; x_wconf 86' lang='lat' dir='ltr'><strong>fieri,</strong></span> <span class='ocrx_word' id='word_1_58' title='bbox 455 1259 630 1340; x_wconf 83' lang='lat' dir='ltr'><strong>suscipere</strong></span> <span class='ocrx_word' id='word_1_59' title='bbox 645 1258 817 1320; x_wconf 89' lang='lat' dir='ltr'><strong>Dominus</strong></span> <span class='ocrx_word' id='word_1_60' title='bbox 830 1257 975 1320; x_wconf 82' lang='lat' dir='ltr'><strong>formam</strong></span> <span class='ocrx_word' id='word_1_61' title='bbox 989 1279 1061 1322; x_wconf 90' lang='lat' dir='ltr'><strong>ser-</strong></span> 
     </span>
     <span class='ocr_line' id='line_1_10' title="bbox 116 1358 1060 1440; baseline 0.001 -20"><span class='ocrx_word' id='word_1_62' title='bbox 116 1359 161 1433; x_wconf 84' lang='lat' dir='ltr'><strong>vi,</strong></span> <span class='ocrx_word' id='word_1_63' title='bbox 187 1364 239 1434; x_wconf 92' lang='lat' dir='ltr'><strong>ut,</strong></span> <span class='ocrx_word' id='word_1_64' title='bbox 257 1359 316 1440; x_wconf 87' lang='lat' dir='ltr'><strong>qui</strong></span> <span class='ocrx_word' id='word_1_65' title='bbox 336 1377 405 1421; x_wconf 90' lang='lat' dir='ltr'><strong>non</strong></span> <span class='ocrx_word' id='word_1_66' title='bbox 424 1366 621 1440; x_wconf 88' lang='lat' dir='ltr'><strong>poteramus</strong></span> <span class='ocrx_word' id='word_1_67' title='bbox 641 1377 702 1439; x_wconf 88' lang='lat' dir='ltr'><strong>per</strong></span> <span class='ocrx_word' id='word_1_68' title='bbox 718 1364 872 1420; x_wconf 88' lang='lat' dir='ltr'><strong>nostram</strong></span> <span class='ocrx_word' id='word_1_69' title='bbox 886 1358 1060 1440; x_wconf 85' lang='lat' dir='ltr'><strong>justitiam</strong></span> 
     </span>
     <span class='ocr_line' id='line_1_11' title="bbox 116 1457 1062 1539; baseline 0.002 -20"><span class='ocrx_word' id='word_1_70' title='bbox 116 1476 255 1538; x_wconf 89' lang='lat' dir='ltr'><strong>sperare</strong></span> <span class='ocrx_word' id='word_1_71' title='bbox 276 1457 425 1533; x_wconf 89' lang='lat' dir='ltr'><strong>veniam,</strong></span> <span class='ocrx_word' id='word_1_72' title='bbox 455 1458 629 1521; x_wconf 88' lang='lat' dir='ltr'><strong>consecuti</strong></span> <span class='ocrx_word' id='word_1_73' title='bbox 653 1477 714 1539; x_wconf 91' lang='lat' dir='ltr'><strong>per</strong></span> <span class='ocrx_word' id='word_1_74' title='bbox 737 1457 811 1521; x_wconf 90' lang='lat' dir='ltr'><strong>haec</strong></span> <span class='ocrx_word' id='word_1_75' title='bbox 839 1457 986 1537; x_wconf 86' lang='lat' dir='ltr'><strong>gratiam</strong></span> <span class='ocrx_word' id='word_1_76' title='bbox 1008 1459 1062 1521; x_wconf 92' lang='lat' dir='ltr'><strong>in-</strong></span> 
     </span>
     <span class='ocr_line' id='line_1_12' title="bbox 117 1556 1061 1635; baseline 0.002 -16"><span class='ocrx_word' id='word_1_77' title='bbox 117 1556 283 1633; x_wconf 87' lang='lat' dir='ltr'><strong>auditam,</strong></span> <span class='ocrx_word' id='word_1_78' title='bbox 302 1556 456 1620; x_wconf 87' lang='lat' dir='ltr'><strong>haeredes</strong></span> <span class='ocrx_word' id='word_1_79' title='bbox 475 1557 554 1635; x_wconf 89' lang='lat' dir='ltr'><strong>Dei,</strong></span> <span class='ocrx_word' id='word_1_80' title='bbox 573 1556 768 1620; x_wconf 86' lang='lat' dir='ltr'><strong>cohaeredes</strong></span> <span class='ocrx_word' id='word_1_81' title='bbox 788 1563 903 1620; x_wconf 93' lang='lat' dir='ltr'><strong>autem</strong></span> <span class='ocrx_word' id='word_1_82' title='bbox 919 1556 1061 1635; x_wconf 85' lang='lat' dir='ltr'><strong>Christi,</strong></span> 
     </span>
     <span class='ocr_line' id='line_1_13' title="bbox 117 1656 1062 1739; baseline 0.002 -20"><span class='ocrx_word' id='word_1_83' title='bbox 117 1656 308 1720; x_wconf 90' lang='lat' dir='ltr'><strong>divinitatis</strong></span> <span class='ocrx_word' id='word_1_84' title='bbox 332 1658 553 1735; x_wconf 86' lang='lat' dir='ltr'><strong>consortium,</strong></span> <span class='ocrx_word' id='word_1_85' title='bbox 577 1656 753 1720; x_wconf 83' lang='lat' dir='ltr'><strong>felicitatis</strong></span> <span class='ocrx_word' id='word_1_86' title='bbox 780 1663 919 1720; x_wconf 86' lang='lat' dir='ltr'><strong>aeternae</strong></span> <span class='ocrx_word' id='word_1_87' title='bbox 954 1659 1062 1739; x_wconf 85' lang='lat' dir='ltr'><strong>parti·</strong></span> 
     </span>
     <span class='ocr_line' id='line_1_14' title="bbox 117 1756 1062 1839; baseline 0.002 -20"><span class='ocrx_word' id='word_1_88' title='bbox 117 1757 241 1838; x_wconf 92' lang='lat' dir='ltr'><strong>cipium</strong></span> <span class='ocrx_word' id='word_1_89' title='bbox 260 1757 470 1820; x_wconf 88' lang='lat' dir='ltr'><strong>sortiremur.</strong></span> <span class='ocrx_word' id='word_1_90' title='bbox 507 1757 564 1833; x_wconf 91' lang='lat' dir='ltr'><strong>Et,</strong></span> <span class='ocrx_word' id='word_1_91' title='bbox 578 1756 659 1820; x_wconf 93' lang='lat' dir='ltr'><strong>licet</strong></span> <span class='ocrx_word' id='word_1_92' title='bbox 669 1776 731 1838; x_wconf 90' lang='lat' dir='ltr'><strong>per</strong></span> <span class='ocrx_word' id='word_1_93' title='bbox 744 1756 891 1836; x_wconf 88' lang='lat' dir='ltr'><strong>gratiam</strong></span> <span class='ocrx_word' id='word_1_94' title='bbox 905 1756 1062 1839; x_wconf 86' lang='lat' dir='ltr'><strong>adoptati</strong></span> 
     </span>
     <span class='ocr_line' id='line_1_15' title="bbox 118 1855 1063 1939; baseline 0.003 -21"><span class='ocrx_word' id='word_1_95' title='bbox 118 1856 270 1939; x_wconf 90' lang='lat' dir='ltr'><strong>quotidie</strong></span> <span class='ocrx_word' id='word_1_96' title='bbox 298 1875 421 1919; x_wconf 85' lang='lat' dir='ltr'><strong>causas</strong></span> <span class='ocrx_word' id='word_1_97' title='bbox 447 1855 705 1938; x_wconf 85' lang='lat' dir='ltr'><strong>ingratitudinis</strong></span> <span class='ocrx_word' id='word_1_98' title='bbox 729 1856 954 1932; x_wconf 79' lang='lat' dir='ltr'><strong>cumulemuS,</strong></span> <span class='ocrx_word' id='word_1_99' title='bbox 980 1857 1063 1939; x_wconf 89' lang='lat' dir='ltr'><strong>Ipse</strong></span> 
     </span>
     <span class='ocr_line' id='line_1_16' title="bbox 119 1955 1061 2038; baseline 0.001 -19"><span class='ocrx_word' id='word_1_100' title='bbox 119 1964 234 2020; x_wconf 90' lang='lat' dir='ltr'><strong>tamen</strong></span> <span class='ocrx_word' id='word_1_101' title='bbox 260 1956 413 2020; x_wconf 89' lang='lat' dir='ltr'><strong>abundat</strong></span> <span class='ocrx_word' id='word_1_102' title='bbox 429 1956 466 2019; x_wconf 94' lang='lat' dir='ltr'><strong>in</strong></span> <span class='ocrx_word' id='word_1_103' title='bbox 488 1956 630 2019; x_wconf 87' lang='lat' dir='ltr'><strong>divitiis</strong></span> <span class='ocrx_word' id='word_1_104' title='bbox 645 1955 825 2032; x_wconf 89' lang='lat' dir='ltr'><strong>bonitatis,</strong></span> <span class='ocrx_word' id='word_1_105' title='bbox 852 1956 933 2019; x_wconf 95' lang='lat' dir='ltr'><strong>dum</strong></span> <span class='ocrx_word' id='word_1_106' title='bbox 958 1977 1061 2038; x_wconf 91' lang='lat' dir='ltr'><strong>prop-</strong></span> 
     </span>
     <span class='ocr_line' id='line_1_17' title="bbox 118 2055 1060 2135; baseline 0.002 -18"><span class='ocrx_word' id='word_1_107' title='bbox 118 2056 429 2135; x_wconf 16' lang='lat' dir='ltr'><strong>terldiversitatem</strong></span> <span class='ocrx_word' id='word_1_108' title='bbox 453 2057 683 2133; x_wconf 89' lang='lat' dir='ltr'><strong>voluntatum,</strong></span> <span class='ocrx_word' id='word_1_109' title='bbox 703 2055 829 2120; x_wconf 87' lang='lat' dir='ltr'><strong>virium</strong></span> <span class='ocrx_word' id='word_1_110' title='bbox 851 2055 1060 2133; x_wconf 86' lang='lat' dir='ltr'><strong>facultatem,</strong></span> 
     </span>
     <span class='ocr_line' id='line_1_18' title="bbox 117 2155 1062 2238; baseline 0.001 -20"><span class='ocrx_word' id='word_1_111' title='bbox 117 2155 394 2238; x_wconf 85' lang='lat' dir='ltr'><strong>delinquentibus</strong></span> <span class='ocrx_word' id='word_1_112' title='bbox 435 2156 571 2220; x_wconf 89' lang='lat' dir='ltr'><strong>diversa</strong></span> <span class='ocrx_word' id='word_1_113' title='bbox 603 2174 666 2238; x_wconf 89' lang='lat' dir='ltr'><strong>pro</strong></span> <span class='ocrx_word' id='word_1_114' title='bbox 700 2163 853 2236; x_wconf 88' lang='lat' dir='ltr'><strong>tempore</strong></span> <span class='ocrx_word' id='word_1_115' title='bbox 892 2155 1062 2220; x_wconf 88' lang='lat' dir='ltr'><strong>satisfaci-</strong></span> 
     </span>
     <span class='ocr_line' id='line_1_19' title="bbox 118 2254 1062 2337; baseline 0 -18"><span class='ocrx_word' id='word_1_116' title='bbox 118 2254 198 2319; x_wconf 89' lang='lat' dir='ltr'><strong>endi</strong></span> <span class='ocrx_word' id='word_1_117' title='bbox 222 2276 350 2337; x_wconf 88' lang='lat' dir='ltr'><strong>genera</strong></span> <span class='ocrx_word' id='word_1_118' title='bbox 369 2256 528 2333; x_wconf 91' lang='lat' dir='ltr'><strong>contulit,</strong></span> <span class='ocrx_word' id='word_1_119' title='bbox 547 2255 644 2319; x_wconf 87' lang='lat' dir='ltr'><strong>varia</strong></span> <span class='ocrx_word' id='word_1_120' title='bbox 661 2254 818 2318; x_wconf 88' lang='lat' dir='ltr'><strong>medendi</strong></span> <span class='ocrx_word' id='word_1_121' title='bbox 837 2255 1062 2336; x_wconf 88' lang='lat' dir='ltr'><strong>languoribus</strong></span> 
     </span>
     <span class='ocr_line' id='line_1_20' title="bbox 118 2354 1063 2437; baseline 0.001 -19"><span class='ocrx_word' id='word_1_122' title='bbox 118 2356 269 2418; x_wconf 88' lang='lat' dir='ltr'><strong>remedia</strong></span> <span class='ocrx_word' id='word_1_123' title='bbox 292 2356 499 2431; x_wconf 88' lang='lat' dir='ltr'><strong>suscitavit;</strong></span> <span class='ocrx_word' id='word_1_124' title='bbox 531 2354 612 2417; x_wconf 93' lang='lat' dir='ltr'><strong>dnm</strong></span> <span class='ocrx_word' id='word_1_125' title='bbox 634 2362 773 2431; x_wconf 90' lang='lat' dir='ltr'><strong>terram,</strong></span> <span class='ocrx_word' id='word_1_126' title='bbox 795 2355 831 2417; x_wconf 90' lang='lat' dir='ltr'><strong>in</strong></span> <span class='ocrx_word' id='word_1_127' title='bbox 858 2374 928 2437; x_wconf 90' lang='lat' dir='ltr'><strong>qua</strong></span> <span class='ocrx_word' id='word_1_128' title='bbox 955 2357 1063 2432; x_wconf 89' lang='lat' dir='ltr'><strong>nasci,</strong></span> 
     </span>
     <span class='ocr_line' id='line_1_21' title="bbox 119 2453 1063 2537; baseline 0.002 -20"><span class='ocrx_word' id='word_1_129' title='bbox 119 2455 206 2518; x_wconf 90' lang='lat' dir='ltr'><strong>mori</strong></span> <span class='ocrx_word' id='word_1_130' title='bbox 228 2463 263 2519; x_wconf 92' lang='lat' dir='ltr'><strong>et</strong></span> <span class='ocrx_word' id='word_1_131' title='bbox 286 2475 462 2537; x_wconf 85' lang='lat' dir='ltr'><strong>resurgere</strong></span> <span class='ocrx_word' id='word_1_132' title='bbox 478 2455 600 2531; x_wconf 91' lang='lat' dir='ltr'><strong>voluit,</strong></span> <span class='ocrx_word' id='word_1_133' title='bbox 619 2454 750 2519; x_wconf 88' lang='lat' dir='ltr'><strong>tamdiu</strong></span> <span class='ocrx_word' id='word_1_134' title='bbox 774 2453 818 2516; x_wconf 89' lang='lat' dir='ltr'><strong>ad</strong></span> <span class='ocrx_word' id='word_1_135' title='bbox 844 2455 1063 2519; x_wconf 84' lang='lat' dir='ltr'><strong>exercitatio·</strong></span> 
     </span>
     <span class='ocr_line' id='line_1_22' title="bbox 118 2554 1063 2636; baseline 0.001 -19"><span class='ocrx_word' id='word_1_136' title='bbox 118 2575 197 2618; x_wconf 90' lang='lat' dir='ltr'><strong>nem</strong></span> <span class='ocrx_word' id='word_1_137' title='bbox 228 2555 378 2618; x_wconf 89' lang='lat' dir='ltr'><strong>fidelium</strong></span> <span class='ocrx_word' id='word_1_138' title='bbox 407 2556 451 2618; x_wconf 81' lang='lat' dir='ltr'><strong>ab</strong></span> <span class='ocrx_word' id='word_1_139' title='bbox 478 2554 673 2630; x_wconf 86' lang='lat' dir='ltr'><strong>infidelibus</strong></span> <span class='ocrx_word' id='word_1_140' title='bbox 708 2554 854 2618; x_wconf 88' lang='lat' dir='ltr'><strong>detineri</strong></span> <span class='ocrx_word' id='word_1_141' title='bbox 884 2554 1063 2636; x_wconf 90' lang='lat' dir='ltr'><strong>permittit,</strong></span> 
     </span>
     <span class='ocr_line' id='line_1_23' title="bbox 119 2653 1064 2730; baseline -0.001 -11"><span class='ocrx_word' id='word_1_142' title='bbox 119 2675 196 2719; x_wconf 92' lang='lat' dir='ltr'><strong>cum</strong></span> <span class='ocrx_word' id='word_1_143' title='bbox 210 2675 280 2718; x_wconf 93' lang='lat' dir='ltr'><strong>non</strong></span> <span class='ocrx_word' id='word_1_144' title='bbox 299 2655 345 2719; x_wconf 90' lang='lat' dir='ltr'><strong>sit</strong></span> <span class='ocrx_word' id='word_1_145' title='bbox 357 2655 558 2718; x_wconf 88' lang='lat' dir='ltr'><strong>abbreviata</strong></span> <span class='ocrx_word' id='word_1_146' title='bbox 573 2674 696 2718; x_wconf 88' lang='lat' dir='ltr'><strong>manus</strong></span> <span class='ocrx_word' id='word_1_147' title='bbox 711 2653 865 2730; x_wconf 91' lang='lat' dir='ltr'><strong>Domini,</strong></span> <span class='ocrx_word' id='word_1_148' title='bbox 879 2673 942 2718; x_wconf 89' lang='lat' dir='ltr'><strong>nec</strong></span> <span class='ocrx_word' id='word_1_149' title='bbox 954 2655 1064 2719; x_wconf 85' lang='lat' dir='ltr'><strong>virtus</strong></span> 
     </span>
     <span class='ocr_line' id='line_1_24' title="bbox 120 2753 1064 2840; baseline -0.001 -21"><span class='ocrx_word' id='word_1_150' title='bbox 120 2756 195 2840; x_wconf 89' lang='lat' dir='ltr'><strong>ejus</strong></span> <span class='ocrx_word' id='word_1_151' title='bbox 217 2756 253 2818; x_wconf 94' lang='lat' dir='ltr'><strong>in</strong></span> <span class='ocrx_word' id='word_1_152' title='bbox 273 2755 388 2836; x_wconf 91' lang='lat' dir='ltr'><strong>aliquo</strong></span> <span class='ocrx_word' id='word_1_153' title='bbox 417 2754 598 2830; x_wconf 89' lang='lat' dir='ltr'><strong>diminuta,</strong></span> <span class='ocrx_word' id='word_1_154' title='bbox 627 2755 711 2836; x_wconf 91' lang='lat' dir='ltr'><strong>quin</strong></span> <span class='ocrx_word' id='word_1_155' title='bbox 736 2754 852 2831; x_wconf 86' lang='lat' dir='ltr'><strong>etiam,</strong></span> <span class='ocrx_word' id='word_1_156' title='bbox 872 2754 962 2817; x_wconf 91' lang='lat' dir='ltr'><strong>sicut</strong></span> <span class='ocrx_word' id='word_1_157' title='bbox 982 2753 1064 2819; x_wconf 90' lang='lat' dir='ltr'><strong>fecit</strong></span> 
     </span>
     <span class='ocr_line' id='line_1_25' title="bbox 120 2853 1064 2931; baseline -0.002 -12"><span class='ocrx_word' id='word_1_158' title='bbox 120 2862 246 2920; x_wconf 88' lang='lat' dir='ltr'><strong>cuncta</strong></span> <span class='ocrx_word' id='word_1_159' title='bbox 256 2855 298 2918; x_wconf 88' lang='lat' dir='ltr'><strong>de</strong></span> <span class='ocrx_word' id='word_1_160' title='bbox 316 2853 434 2931; x_wconf 89' lang='lat' dir='ltr'><strong>nihilo,</strong></span> <span class='ocrx_word' id='word_1_161' title='bbox 445 2853 590 2916; x_wconf 88' lang='lat' dir='ltr'><strong>liberare</strong></span> <span class='ocrx_word' id='word_1_162' title='bbox 605 2855 722 2917; x_wconf 85' lang='lat' dir='ltr'><strong>valeat</strong></span> <span class='ocrx_word' id='word_1_163' title='bbox 736 2855 772 2917; x_wconf 91' lang='lat' dir='ltr'><strong>in</strong></span> <span class='ocrx_word' id='word_1_164' title='bbox 785 2861 968 2917; x_wconf 92' lang='lat' dir='ltr'><strong>momento.</strong></span> <span class='ocrx_word' id='word_1_165' title='bbox 996 2854 1064 2917; x_wconf 86' lang='lat' dir='ltr'><strong>Sed</strong></span> 
     </span>
     <span class='ocr_line' id='line_1_26' title="bbox 119 2947 1063 3036; baseline -0.006 -15"><span class='ocrx_word' id='word_1_166' title='bbox 119 2956 197 3021; x_wconf 90' lang='lat' dir='ltr'><strong>illas</strong></span> <span class='ocrx_word' id='word_1_167' title='bbox 220 2954 467 3036; x_wconf 90' lang='lat' dir='ltr'><strong>compassionis</strong></span> <span class='ocrx_word' id='word_1_168' title='bbox 493 2961 527 3017; x_wconf 92' lang='lat' dir='ltr'><strong>et</strong></span> <span class='ocrx_word' id='word_1_169' title='bbox 555 2947 763 3018; x_wconf 90' lang='lat' dir='ltr'><strong>¹dilectionis</strong></span> <span class='ocrx_word' id='word_1_170' title='bbox 785 2954 917 3035; x_wconf 87' lang='lat' dir='ltr'><strong>gratias</strong></span> <span class='ocrx_word' id='word_1_171' title='bbox 942 2953 1063 3035; x_wconf 90' lang='lat' dir='ltr'><strong>exqui-</strong></span> 
     </span>
     <span class='ocr_line' id='line_1_27' title="bbox 120 3052 1063 3136; baseline -0.004 -16"><span class='ocrx_word' id='word_1_172' title='bbox 120 3058 164 3120; x_wconf 92' lang='lat' dir='ltr'><strong>rit</strong></span> <span class='ocrx_word' id='word_1_173' title='bbox 181 3055 225 3118; x_wconf 87' lang='lat' dir='ltr'><strong>ab</strong></span> <span class='ocrx_word' id='word_1_174' title='bbox 243 3054 389 3128; x_wconf 88' lang='lat' dir='ltr'><strong>homine,</strong></span> <span class='ocrx_word' id='word_1_175' title='bbox 407 3053 544 3136; x_wconf 86' lang='lat' dir='ltr'><strong>quibus,</strong></span> <span class='ocrx_word' id='word_1_176' title='bbox 565 3053 608 3116; x_wconf 92' lang='lat' dir='ltr'><strong>ad</strong></span> <span class='ocrx_word' id='word_1_177' title='bbox 629 3054 739 3117; x_wconf 91' lang='lat' dir='ltr'><strong>omnis</strong></span> <span class='ocrx_word' id='word_1_178' title='bbox 760 3052 1063 3117; x_wconf 88' lang='lat' dir='ltr'><strong>consummationis</strong></span> 
     </span>
     <span class='ocr_line' id='line_1_28' title="bbox 119 3151 1064 3235; baseline -0.003 -16"><span class='ocrx_word' id='word_1_179' title='bbox 119 3156 220 3219; x_wconf 91' lang='lat' dir='ltr'><strong>fmem</strong></span> <span class='ocrx_word' id='word_1_180' title='bbox 242 3154 398 3235; x_wconf 88' lang='lat' dir='ltr'><strong>legisque</strong></span> <span class='ocrx_word' id='word_1_181' title='bbox 423 3152 671 3234; x_wconf 91' lang='lat' dir='ltr'><strong>plenitudinem</strong></span> <span class='ocrx_word' id='word_1_182' title='bbox 696 3152 956 3228; x_wconf 89' lang='lat' dir='ltr'><strong>ostendendam,</strong></span> <span class='ocrx_word' id='word_1_183' title='bbox 981 3151 1064 3234; x_wconf 88' lang='lat' dir='ltr'><strong>Ipse</strong></span> 
     </span>
     <span class='ocr_line' id='line_1_29' title="bbox 118 3252 1063 3337; baseline -0.002 -20"><span class='ocrx_word' id='word_1_184' title='bbox 118 3255 213 3337; x_wconf 89' lang='lat' dir='ltr'><strong>prior</strong></span> <span class='ocrx_word' id='word_1_185' title='bbox 228 3252 357 3316; x_wconf 89' lang='lat' dir='ltr'><strong>homini</strong></span> <span class='ocrx_word' id='word_1_186' title='bbox 373 3252 508 3335; x_wconf 90' lang='lat' dir='ltr'><strong>perdito</strong></span> <span class='ocrx_word' id='word_1_187' title='bbox 526 3260 561 3316; x_wconf 90' lang='lat' dir='ltr'><strong>et</strong></span> <span class='ocrx_word' id='word_1_188' title='bbox 577 3253 740 3316; x_wconf 88' lang='lat' dir='ltr'><strong>damnato</strong></span> <span class='ocrx_word' id='word_1_189' title='bbox 756 3252 866 3316; x_wconf 90' lang='lat' dir='ltr'><strong>voluit</strong></span> <span class='ocrx_word' id='word_1_190' title='bbox 880 3253 1063 3315; x_wconf 91' lang='lat' dir='ltr'><strong>miseratus</strong></span> 
     </span>
     <span class='ocr_line' id='line_1_30' title="bbox 119 3352 1063 3435; baseline -0.004 -16"><span class='ocrx_word' id='word_1_191' title='bbox 119 3354 252 3431; x_wconf 88' lang='lat' dir='ltr'><strong>adesse,</strong></span> <span class='ocrx_word' id='word_1_192' title='bbox 269 3354 329 3435; x_wconf 91' lang='lat' dir='ltr'><strong>qui</strong></span> <span class='ocrx_word' id='word_1_193' title='bbox 350 3353 548 3416; x_wconf 88' lang='lat' dir='ltr'><strong>nullatenus</strong></span> <span class='ocrx_word' id='word_1_194' title='bbox 568 3353 780 3435; x_wconf 89' lang='lat' dir='ltr'><strong>permisisset</strong></span> <span class='ocrx_word' id='word_1_195' title='bbox 797 3370 919 3415; x_wconf 89' lang='lat' dir='ltr'><strong>manus</strong></span> <span class='ocrx_word' id='word_1_196' title='bbox 939 3352 1063 3434; x_wconf 88' lang='lat' dir='ltr'><strong>impias</strong></span> 
     </span>
     <span class='ocr_line' id='line_1_31' title="bbox 118 3446 1062 3535; baseline -0.006 -16"><span class='ocrx_word' id='word_1_197' title='bbox 118 3462 239 3519; x_wconf 89' lang='lat' dir='ltr'><strong>contra</strong></span> <span class='ocrx_word' id='word_1_198' title='bbox 262 3446 356 3535; x_wconf 90' lang='lat' dir='ltr'><strong>²pi0s</strong></span> <span class='ocrx_word' id='word_1_199' title='bbox 383 3471 492 3535; x_wconf 90' lang='lat' dir='ltr'><strong>usque</strong></span> <span class='ocrx_word' id='word_1_200' title='bbox 519 3452 605 3516; x_wconf 92' lang='lat' dir='ltr'><strong>adeo</strong></span> <span class='ocrx_word' id='word_1_201' title='bbox 629 3452 795 3528; x_wconf 89' lang='lat' dir='ltr'><strong>roborari,</strong></span> <span class='ocrx_word' id='word_1_202' title='bbox 818 3451 884 3514; x_wconf 91' lang='lat' dir='ltr'><strong>nisi</strong></span> <span class='ocrx_word' id='word_1_203' title='bbox 911 3458 946 3514; x_wconf 92' lang='lat' dir='ltr'><strong>et</strong></span> <span class='ocrx_word' id='word_1_204' title='bbox 964 3470 1062 3514; x_wconf 90' lang='lat' dir='ltr'><strong>suam</strong></span> 
     </span>
     <span class='ocr_line' id='line_1_32' title="bbox 118 3551 1064 3634; baseline -0.014 -13"><span class='ocrx_word' id='word_1_205' title='bbox 118 3555 284 3621; x_wconf 86' lang='lat' dir='ltr'><strong>vindicari</strong></span> <span class='ocrx_word' id='word_1_206' title='bbox 302 3553 344 3616; x_wconf 91' lang='lat' dir='ltr'><strong>de</strong></span> <span class='ocrx_word' id='word_1_207' title='bbox 364 3560 484 3617; x_wconf 91' lang='lat' dir='ltr'><strong>nostra</strong></span> <span class='ocrx_word' id='word_1_208' title='bbox 503 3551 703 3616; x_wconf 80' lang='lat' dir='ltr'><strong>contusione</strong></span> <span class='ocrx_word' id='word_1_209' title='bbox 722 3551 928 3633; x_wconf 87' lang='lat' dir='ltr'><strong>providisset</strong></span> <span class='ocrx_word' id='word_1_210' title='bbox 943 3551 1064 3634; x_wconf 88' lang='lat' dir='ltr'><strong>injuri.</strong></span> 
     </span>
     <span class='ocr_line' id='line_1_33' title="bbox 120 3651 1061 3733; baseline -0.006 -14"><span class='ocrx_word' id='word_1_211' title='bbox 120 3676 175 3719; x_wconf 92' lang='lat' dir='ltr'><strong>am</strong></span> <span class='ocrx_word' id='word_1_212' title='bbox 202 3662 238 3719; x_wconf 87' lang='lat' dir='ltr'><strong>et</strong></span> <span class='ocrx_word' id='word_1_213' title='bbox 257 3654 388 3718; x_wconf 88' lang='lat' dir='ltr'><strong>servari</strong></span> <span class='ocrx_word' id='word_1_214' title='bbox 413 3660 567 3717; x_wconf 89' lang='lat' dir='ltr'><strong>nostram</strong></span> <span class='ocrx_word' id='word_1_215' title='bbox 593 3652 635 3715; x_wconf 88' lang='lat' dir='ltr'><strong>de</strong></span> <span class='ocrx_word' id='word_1_216' title='bbox 661 3671 725 3715; x_wconf 88' lang='lat' dir='ltr'><strong>sua</strong></span> <span class='ocrx_word' id='word_1_217' title='bbox 741 3652 887 3716; x_wconf 89' lang='lat' dir='ltr'><strong>victoria</strong></span> <span class='ocrx_word' id='word_1_218' title='bbox 908 3651 1061 3733; x_wconf 91' lang='lat' dir='ltr'><strong>discipli·</strong></span> 
     </span>
     <span class='ocr_line' id='line_1_34' title="bbox 118 3751 1062 3833; baseline -0.004 -15"><span class='ocrx_word' id='word_1_219' title='bbox 118 3775 209 3819; x_wconf 88' lang='lat' dir='ltr'><strong>nam.</strong></span> <span class='ocrx_word' id='word_1_220' title='bbox 262 3752 332 3817; x_wconf 91' lang='lat' dir='ltr'><strong>Sub</strong></span> <span class='ocrx_word' id='word_1_221' title='bbox 359 3751 425 3817; x_wconf 94' lang='lat' dir='ltr'><strong>hac</strong></span> <span class='ocrx_word' id='word_1_222' title='bbox 447 3760 561 3817; x_wconf 87' lang='lat' dir='ltr'><strong>autem</strong></span> <span class='ocrx_word' id='word_1_223' title='bbox 579 3753 761 3816; x_wconf 89' lang='lat' dir='ltr'><strong>occasione</strong></span> <span class='ocrx_word' id='word_1_224' title='bbox 777 3751 893 3814; x_wconf 91' lang='lat' dir='ltr'><strong>delicti</strong></span> <span class='ocrx_word' id='word_1_225' title='bbox 913 3751 1062 3833; x_wconf 90' lang='lat' dir='ltr'><strong>plurimi,</strong></span> 
     </span>
     <span class='ocr_line' id='line_1_35' title="bbox 118 3850 1064 3935; baseline -0.005 -16"><span class='ocrx_word' id='word_1_226' title='bbox 118 3855 318 3919; x_wconf 82' lang='lat' dir='ltr'><strong>satisfecere</strong></span> <span class='ocrx_word' id='word_1_227' title='bbox 336 3872 399 3935; x_wconf 91' lang='lat' dir='ltr'><strong>pro</strong></span> <span class='ocrx_word' id='word_1_228' title='bbox 416 3853 519 3917; x_wconf 92' lang='lat' dir='ltr'><strong>modo</strong></span> <span class='ocrx_word' id='word_1_229' title='bbox 537 3853 716 3916; x_wconf 90' lang='lat' dir='ltr'><strong>criminum</strong></span> <span class='ocrx_word' id='word_1_230' title='bbox 739 3850 838 3914; x_wconf 88' lang='lat' dir='ltr'><strong>aliter</strong></span> <span class='ocrx_word' id='word_1_231' title='bbox 857 3871 928 3914; x_wconf 92' lang='lat' dir='ltr'><strong>non</strong></span> <span class='ocrx_word' id='word_1_232' title='bbox 945 3852 1064 3916; x_wconf 87' lang='lat' dir='ltr'><strong>valen-</strong></span> 
     </span>
     <span class='ocr_line' id='line_1_36' title="bbox 118 3949 1063 4035; baseline -0.006 -16"><span class='ocrx_word' id='word_1_233' title='bbox 118 3962 183 4032; x_wconf 88' lang='lat' dir='ltr'><strong>tes,</strong></span> <span class='ocrx_word' id='word_1_234' title='bbox 200 3955 295 4019; x_wconf 91' lang='lat' dir='ltr'><strong>velut</strong></span> <span class='ocrx_word' id='word_1_235' title='bbox 310 3954 345 4016; x_wconf 93' lang='lat' dir='ltr'><strong>in</strong></span> <span class='ocrx_word' id='word_1_236' title='bbox 362 3953 533 4035; x_wconf 87' lang='lat' dir='ltr'><strong>profundo</strong></span> <span class='ocrx_word' id='word_1_237' title='bbox 547 3952 715 4015; x_wconf 84' lang='lat' dir='ltr'><strong>malorum</strong></span> <span class='ocrx_word' id='word_1_238' title='bbox 731 3949 869 4033; x_wconf 89' lang='lat' dir='ltr'><strong>penitus</strong></span> <span class='ocrx_word' id='word_1_239' title='bbox 882 3951 1063 4033; x_wconf 87' lang='lat' dir='ltr'><strong>desperas-</strong></span> 
     </span>
    </p>
   </div>
   <div class='ocr_carea' id='block_1_3' title="bbox 117 4149 993 4279">
    <p class='ocr_par' dir='ltr' id='par_1_3' title="bbox 117 4149 993 4279">
     <span class='ocr_line' id='line_1_37' title="bbox 153 4149 993 4223; baseline -0.005 -15"><span class='ocrx_word' id='word_1_240' title='bbox 153 4157 160 4189; x_wconf 95' lang='lat'>¹</span> <span class='ocrx_word' id='word_1_241' title='bbox 173 4149 343 4223; x_wconf 66' lang='lat' dir='ltr'><strong>Dilectionir]</strong></span> <span class='ocrx_word' id='word_1_242' title='bbox 362 4155 533 4205; x_wconf 84' lang='lat' dir='ltr'><strong>‘Dilationis’</strong></span> <span class='ocrx_word' id='word_1_243' title='bbox 550 4155 575 4202; x_wconf 90' lang='lat' dir='ltr'><strong>in</strong></span> <span class='ocrx_word' id='word_1_244' title='bbox 597 4196 600 4201; x_wconf 90' lang='grc'><em>,</em></span> <span class='ocrx_word' id='word_1_245' title='bbox 636 4149 740 4222; x_wconf 68' lang='lat' dir='ltr'><strong>²Pice]</strong></span> <span class='ocrx_word' id='word_1_246' title='bbox 758 4154 886 4215; x_wconf 86' lang='lat' dir='ltr'><strong>‘Impius’</strong></span> <span class='ocrx_word' id='word_1_247' title='bbox 897 4154 923 4201; x_wconf 94' lang='lat' dir='ltr'><strong>in</strong></span> <span class='ocrx_word' id='word_1_248' title='bbox 935 4153 993 4204; x_wconf 87' lang='lat' dir='ltr'><strong>MS.</strong></span> 
     </span>
     <span class='ocr_line' id='line_1_38' title="bbox 117 4230 173 4279; baseline 0.018 -1"><span class='ocrx_word' id='word_1_249' title='bbox 117 4230 173 4279; x_wconf 87' lang='lat' dir='ltr'><strong>MS.</strong></span> 
     </span>
    </p>
   </div>
   <div class='ocr_carea' id='block_1_4' title="bbox 0 0 1444 4866">
    <p class='ocr_par' dir='ltr' id='par_1_4' title="bbox 0 0 1444 4866">
     <span class='ocr_line' id='line_1_39' title="bbox 0 0 1444 4866; baseline 0 0"><span class='ocrx_word' id='word_1_250' title='bbox 0 0 1444 4866; x_wconf 95' lang='lat' dir='ltr'><strong> </strong></span> 
     </span>
    </p>
   </div>
  </div>
 </body>
</html>
