2864 4866
393 386 459 451 336
647 402 780 449 uocum
805 402 852 448 nn
876 399 1083 449 wsuoovuu

233 573 288 614 on-
298 574 354 613 12³⁵-
393 577 502 640 panas
530 559 708 641 pulsantes
736 567 772 623 et
799 559 935 623 cantica
955 557 1087 622 laetitiae
1111 555 1343 632 modulantes,

392 659 585 742 intorques
602 659 770 742 siquidem
790 664 1024 722 convenerunt
1038 674 1158 720 omnes
1180 656 1342 732 artifices,

392 766 428 822 et
452 760 609 840 magistri
641 759 887 842 cujuscumque
920 758 1054 839 generis
1084 756 1225 819 musioae
1256 756 1341 818 artis

392 877 470 920 cum
486 860 558 921 suis
576 857 826 935 instrumentis,
841 858 901 940 qui
917 858 953 920 in
968 857 1062 919 omui
1078 856 1202 919 laetitia
1225 855 1340 936 nupti-

393 957 439 1020 ali
457 977 523 1039 per
535 958 627 1021 viam
645 957 797 1041 quinque
820 957 952 1020 dierum
973 956 1226 1037 imperatricem
1248 953 1340 1036 apud

394 1055 574 1120 Coloniam
596 1057 861 1135 conduxerunt3
893 1057 952 1119 ubi
975 1057 1114 1136 cognito
1143 1054 1252 1136 ipsius
1280 1054 1339 1116 ad·

392 1165 510 1234 ventu,
527 1158 686 1222 exierunt
702 1159 746 1220 ab
764 1159 846 1220 urbe
862 1157 898 1219 in
921 1174 1101 1219 occursum
1118 1154 1194 1238 ejus
1217 1154 1262 1216 ad
1283 1153 1340 1217 de-

392 1275 465 1319 cem
496 1257 604 1320 millia
635 1257 763 1320 civium
792 1276 869 1320 cum
899 1254 1041 1318 fioribus
1071 1262 1108 1318 et
1136 1254 1263 1336 palmis
1298 1273 1337 1316 ac

391 1355 524 1421 festivis
543 1357 764 1434 indumentis
779 1355 838 1439 qui
858 1357 894 1419 in
912 1355 1009 1437 equis
1029 1353 1188 1418 sedentes
1207 1353 1337 1434 Hispa-

390 1456 476 1519 niois
499 1456 543 1519 ad
563 1457 690 1538 agilem
709 1476 768 1520 eos
792 1475 930 1520 cursum
953 1456 1132 1536 urgebant,
1156 1452 1238 1516 dum
1259 1453 1338 1516 has-

391 1561 445 1617 tas
462 1563 498 1619 et
511 1557 707 1633 arundines
721 1575 808 1638 quas
823 1556 979 1619 ferebant
995 1556 1031 1617 in
1047 1553 1218 1630 manibuS,
1234 1554 1271 1616 in
1286 1553 1335 1616 al·

390 1660 559 1719 terutrum
584 1655 837 1737 confregerunt.
891 1654 1036 1717 Talibus
1058 1654 1167 1734 igitur
1189 1654 1336 1735 impera·

389 1755 459 1817 trix
474 1757 639 1820 comitata
649 1754 821 1838 tripudiis,
830 1756 1070 1819 conduxerunt
1081 1772 1156 1816 eam
1170 1773 1233 1835 per
1244 1754 1335 1835 priu-

388 1853 517 1936 oipalcs
544 1855 678 1937 plateas
703 1854 855 1918 civitatis
877 1861 998 1918 contra
1014 1853 1123 1934 ipsius
1146 1852 1334 1917 adventum

387 1955 623 2036 multipliciter
638 1954 846 2033 adornatas;
866 1953 927 2017 sed
944 1973 1022 2017 curn
1038 1952 1099 2015 illa
1113 1953 1335 2033 cognovisset

388 2054 479 2134 quod
495 2074 626 2131 omneS,
642 2063 677 2119 et
690 2054 862 2136 praecipue
877 2053 1009 2117 nobiles
1023 2059 1192 2115 matronae
1206 2072 1286 2135 quae
1300 2054 1336 2116 in

386 2153 522 2217 solariis
547 2154 718 2230 sedentes,
742 2153 865 2217 faciem
890 2152 965 2236 ejus
993 2152 1109 2216 videre
1135 2152 1333 2234 cupiebant,

386 2253 556 2335 capellum
575 2274 620 2316 ex
631 2254 744 2336 capite
763 2252 900 2316 demisit
913 2259 948 2316 et
960 2252 1112 2335 peplum,
1127 2258 1166 2315 ut
1179 2252 1333 2316 universi

385 2350 528 2416 liberum
550 2354 659 2436 ipsius
678 2353 845 2416 haberent
861 2359 1051 2434 aspectum,
1069 2352 1140 2435 qui,
1163 2351 1275 2415 oculis
1297 2354 1332 2415 in

386 2451 461 2532 ejus
487 2453 700 2533 inspectione
728 2452 941 2535 aliquamdiu
968 2452 1142 2528 recreatis
1165 2450 1332 2516 laudave-

385 2558 467 2612 runt
490 2570 564 2614 eam
588 2552 735 2615 multum
761 2571 806 2616 ex
829 2553 893 2615 hoc
913 2553 1018 2627 facto,
1041 2550 1331 2633 pulchritudinem

384 2648 478 2711 illius
499 2651 629 2732 pariter
650 2659 684 2713 et
700 2651 928 2716 humilitatem
951 2651 1137 2732 plurimum
1158 2670 1331 2714 commen·

383 2747 517 2813 dantes.
571 2749 762 2833 Hospitata
787 2761 840 2815 est
862 2759 978 2815 autem
1003 2751 1206 2832 imperatrix
1229 2759 1331 2814 extra

384 2867 499 2912 muros
513 2850 666 2913 civitatis
682 2859 824 2932 propter
839 2851 1024 2915 tumultum
1041 2851 1130 2934 ejus,
1145 2851 1332 2933 imperato·

383 2947 431 3010 ris
450 2949 497 3012 ibi
519 2950 721 3014 mandatum
742 2959 958 3033 exspectans.

436 3125 526 3198 Quod
540 3128 710 3212 imperator
723 3129 949 3215 imperatricem
966 3129 1056 3214 opud
1075 3128 1283 3194 Warmestam

754 3230 957 3314 despumavit.

220 3359 239 3398 ¹³
248 3359 338 3400 married
348 3363 369 3400 at
433 3346 604 3431 Tempore
628 3373 696 3434 quo
722 3354 925 3435 imperatrix
952 3353 1045 3435 apud
1067 3351 1249 3416 Coloniam
1273 3373 1331 3417 ve-

220 3409 323 3451 Wormer.

382 3448 445 3524 nit,
462 3449 649 3532 imperator
671 3460 746 3516 erat
765 3452 895 3516 bellicis
919 3452 1196 3533 expeditionibus
1216 3453 1330 3535 impli-

381 3556 481 3611 catus
495 3560 614 3615 contra
628 3552 735 3616 filium
755 3572 854 3615 suum
876 3553 941 3615 sibi
958 3553 1129 3628 rebellem,
1150 3552 1210 3615 sed
1229 3561 1329 3635 pater

380 3657 502 3711 contra
519 3670 595 3712 eum
611 3660 681 3714 tam
698 3653 875 3735 copiosum
890 3651 1057 3716 conduxit
1069 3653 1273 3730 exercitum,
1289 3661 1329 3717 ut

380 3747 483 3810 simul
506 3757 541 3813 et
561 3752 664 3814 semel
686 3760 803 3816 castra
824 3752 941 3814 decem
966 3752 1142 3815 obsidione
1158 3752 1326 3834 vallaret3

380 3845 578 3928 inquorum
599 3869 666 3913 uuo
684 3851 871 3915 fortissimo
894 3871 972 3915 cum
995 3851 1103 3914 filium
1121 3844 1324 3929 obsedisset,

379 3945 438 4008 ille
457 3948 566 4028 patris
593 3952 813 4016 severitatem
838 3960 995 4016 metuens
1015 3951 1124 4015 exivit
1141 3951 1183 4014 de
1209 3961 1324 4018 castro

379 4053 426 4121 et,
442 4064 603 4110 corruens
620 4050 655 4112 in
670 4058 795 4114 terram
812 4072 927 4116 coram
943 4053 1031 4134 ipso,
1043 4052 1118 4135 ejus
1134 4052 1327 4116 misericor-

378 4144 470 4209 diam
493 4146 691 4229 imploravit
708 4170 717 4230 ;
749 4152 808 4215 sed
829 4153 887 4216 ille
904 4152 979 4215 sine
1000 4151 1235 4215 misericordia
1251 4154 1326 4217 vin-
