2864 4866
400 429 541 478 rnouss
564 410 833 479 rirsrouraunu.
1020 416 1085 481 117

136 587 229 650 mitis
245 589 444 671 reparavit3
470 597 517 668 et,
535 592 585 655 sic
602 590 696 656 facta
709 591 905 670 concordia,
922 592 1085 658 invitavit
1098 606 1152 647 el>-
1162 609 1218 648 ¹22⁶·

134 687 295 762 comitem
320 689 365 753 ad
388 710 542 754 mensam
568 711 667 757 suam
688 692 916 777 justiciarius,
940 694 976 757 in
1002 713 1082 776 qua,

136 793 177 850 nt
195 787 333 867 dicitur,
355 791 447 855 idem
469 810 585 856 comes
606 793 743 858 occulto
765 793 914 857 infectus
937 813 1083 872 veneno,

135 887 179 951 ad
195 890 376 954 castellum
396 911 498 956 suum
518 892 771 958 Saresbiriense
789 893 976 977 profectus,
992 894 1084 958 lecto

135 987 299 1054 decubuit
319 993 474 1074 graviter
500 993 706 1059 infirmatus.
759 993 1001 1059 invalescente
1025 994 1082 1058 de·

136 1106 229 1153 mum
255 1091 474 1174 aegritudine,
498 1113 577 1158 cum
600 1095 793 1158 certissima
818 1114 891 1158 suae
914 1096 1009 1158 necis
1028 1095 1082 1158 iu·

135 1187 225 1254 dicia
257 1194 492 1274 cognovisset,
520 1194 602 1259 fecit
627 1195 828 1278 episcopum
856 1194 1010 1260 civitatis
1037 1196 1081 1260 ad

135 1308 174 1354 se
188 1292 319 1368 venire,
340 1300 437 1358 ntea
456 1313 534 1376 quae
553 1293 741 1359 Christiani
762 1295 894 1360 suntin
916 1295 1081 1360 consessi-

135 1409 201 1455 one
222 1399 259 1456 et
277 1393 407 1459 viatico
428 1396 622 1478 susciperet
641 1403 677 1460 et
699 1395 892 1478 legitimum
914 1396 956 1459 de
978 1397 1081 1460 rebus

135 1488 262 1556 habitis
279 1493 465 1558 conficeret
483 1502 739 1561 testamentum.
785 1496 945 1561 Intrante
965 1503 1080 1561 autem

133 1592 297 1677 episcopo
322 1594 526 1675 thalamum,
550 1597 587 1660 in
614 1617 684 1680 quo
708 1597 850 1682 jacebat
875 1616 991 1662 comes
1019 1618 1081 1661 nu-

133 1691 199 1756 dus
219 1695 360 1761 omnino
382 1703 509 1780 praeter
530 1698 732 1776 foemoralia,
759 1705 880 1762 contra
905 1718 983 1762 enm
1006 1717 1082 1762 cor·

133 1811 198 1874 pus
224 1794 366 1860 Domini
390 1797 555 1863 ferentem
577 1819 623 1863 ex
642 1799 733 1863 lecto
751 1799 944 1883 prosiliens,
964 1818 1081 1882 asper-

133 1893 326 1980 rimamque
340 1897 504 1981 laqueum
519 1900 612 1962 circa
627 1900 755 1965 collum
768 1907 987 1976 connectens
1002 1918 1079 1962 cum

130 1994 210 2079 jugi
232 1997 485 2082 lachrymarum
508 1999 674 2065 effusione
698 2019 736 2063 se
755 2001 944 2082 prostravit
961 2000 997 2062 in
1019 2018 1081 2082 pa-

131 2097 332 2176 vimentum,
351 2100 476 2164 summi
493 2100 602 2182 Regis
622 2121 659 2165 se
676 2120 752 2164 esse
771 2099 981 2182 proditorem
998 2118 1081 2163 cou-

133 2203 278 2276 testans,
310 2219 374 2263 nec
401 2198 444 2264 de
474 2200 552 2264 loco
580 2200 711 2265 moveri
739 2201 861 2278 voluit,
890 2199 956 2263 nisi
988 2198 1081 2263 lacta

132 2299 345 2364 confessione
367 2306 403 2363 et
421 2300 551 2365 vivifici
574 2301 781 2365 sacramenti
804 2308 968 2382 percepta
988 2319 1081 2363 com-

132 2398 307 2478 munione,
321 2405 362 2464 nt
379 2419 417 2463 se
437 2400 492 2463 sui
509 2418 645 2464 servum
666 2400 862 2465 ostenderet
879 2398 1054 2464 Creatoris
1068 2417 1078 2477 3

131 2499 240 2563 etsie
267 2520 330 2583 per
351 2499 426 2564 dies
455 2500 590 2583 aliquot
610 2500 646 2564 in
667 2519 830 2583 suprema
855 2518 1080 2583 perseverans

131 2599 339 2682 poenitentia
375 2601 534 2684 spiritum
570 2620 636 2666 suo
667 2600 810 2665 tradidit
842 2599 1078 2683 Redemptori.

132 2699 292 2784 Contigit
306 2708 433 2779 antem,
452 2701 556 2784 quod,
571 2701 653 2765 dum
669 2702 712 2765 de
728 2700 872 2764 castello
889 2701 932 2764 ad
953 2719 1080 2764 novam

132 2800 313 2865 ecclesium
337 2821 523 2884 perunum
549 2801 681 2865 miliare
706 2820 831 2884 corpus
857 2801 931 2885 ejus
959 2800 1004 2863 ad
1026 2806 1081 2863 tu-

132 2899 333 2965 mulandum
361 2908 570 2984 portaretur,
596 2902 698 2980 cerei,
726 2901 787 2983 qui
814 2920 893 2964 cum
916 2919 1018 2965 cruce
1045 2908 1080 2963 et

133 2999 309 3066 thuribulo
341 3002 384 3067 de
417 3020 513 3066 more
548 3003 777 3085 portabantur
810 3001 957 3077 accensi,
990 3000 1081 3062 inter

131 3100 329 3184 pluviarum
357 3101 540 3166 effusiones
571 3108 607 3165 et
634 3110 813 3167 ventorum
843 3100 998 3165 turbines
1026 3098 1080 3162 lu·

131 3220 211 3267 men
228 3203 429 3267 continuum
444 3203 481 3266 in
497 3201 621 3266 itinere
637 3201 892 3278 ministrabant,
909 3207 947 3264 ut
961 3205 1080 3282 aperte

131 3302 355 3367 ostenderent
378 3303 539 3367 comitem
564 3309 636 3367 tam
658 3302 765 3366 ardue
787 3302 1011 3383 poenitentem
1035 3297 1079 3361 ad

131 3402 219 3467 lucis
238 3401 330 3468 filios
348 3397 357 3434 ¹
363 3403 545 3487 pertinere.

185 3579 275 3660 Quod
288 3580 435 3666 mauistcr
452 3577 529 3645 otio
542 3578 728 3744 {giracium
745 3578 811 3663 regri
826 3573 1027 3640 reconciliare

524 3689 552 3745 sl
596 3680 688 3744 uerit.

182 3800 308 3872 Venit²
333 3807 453 3872 eodem
482 3814 637 3889 tempore
671 3804 714 3867 ad
742 3821 858 3885 regem
886 3799 1080 3882 Anglorum

166 3981 348 4049 spartiatae]
376 3985 428 4035 His
448 3983 553 4046 epitaph
569 3983 592 4033 is
652 3979 745 4030 'Venit
757 4015 764 4028 .
778 4014 785 4028 .
797 4014 805 4028 .
816 3980 847 4027 od
856 3993 937 4040 regem
944 3977 1081 4039 Angloram

132 4054 193 4105 thus
205 4056 281 4118 given
292 4056 325 4118 by
338 4056 431 4105 Paris:
617 4051 738 4114 magister
756 4049 850 4113 Olba]
873 4048 927 4097 The
946 4049 1081 4096 substance

130 4124 210 4175 ‘Flos
232 4126 352 4175 comitum
370 4126 515 4176 willelmus
531 4125 594 4187 obit,
618 4122 648 4172 oi
655 4122 705 4170 this
719 4120 824 4182 chapter
839 4121 862 4168 is
878 4119 921 4168 the
938 4132 1006 4166 same
1017 4117 1080 4165 with

201 4197 279 4258 stirps
288 4197 371 4259 regia,
379 4198 471 4259 longus
619 4192 689 4241 wbst
699 4191 746 4239 has
757 4193 820 4240 been
836 4188 921 4240 before
933 4189 988 4239 said
1000 4188 1079 4237 above

149 4266 227 4315 Ensis
247 4267 366 4329 vaginam
393 4268 473 4329 coepit
500 4265 593 4314 babere
618 4266 682 4324 atp.
695 4265 751 4311 1⁰7.

200 4331 320 4387 brevem?
