2864 4866
366 388 432 454 316
621 401 755 450 nocam
780 402 826 448 nn
849 400 1056 450 wannovaa

207 581 328 641 aaran
367 562 448 643 gliae
474 569 508 626 et
524 560 719 624 Wallenses
746 557 877 622 remisit
892 559 932 633 ¹in
947 556 1125 639 Angliam,
1151 558 1316 642 aquibus

207 631 316 731 iiiluna.
367 681 430 725 rex
450 660 674 743 praemunitus
696 665 761 736 est,
779 677 822 721 ne
839 658 932 721 ultra
949 651 1130 722 thesauros
1147 660 1246 740 regni
1267 659 1316 722 ef·

368 761 526 823 funderet
548 779 610 841 pro
631 758 828 822 defensione
850 758 985 821 comitis
1009 758 1213 835 Britanniae,
1234 760 1315 840 quia

362 859 437 942 jam
464 858 577 922 foedus
603 858 681 922 iniit
707 877 786 921 cum
816 877 898 939 rege
929 858 1153 934 Francorum,
1176 865 1227 934 ut,
1252 857 1317 920 dif-

367 958 463 1039 fugio
492 977 514 1021 a
541 977 622 1038 rege
651 956 846 1037 Anglorum
875 956 981 1034 facto,
1013 956 1057 1020 ad
1087 957 1163 1040 ejus
1195 975 1315 1038 pacem

368 1058 513 1133 veniret,
526 1057 624 1120 nihil
652 1063 859 1138 exspectans
884 1057 950 1119 nisi
972 1064 1012 1121 ut
1035 1056 1217 1119 thesauros
1243 1055 1318 1120 An-

367 1158 447 1238 gliae
469 1156 699 1220 exhausisset.
752 1156 834 1238 Ipse
856 1155 1024 1237 siquidem
1051 1175 1179 1231 comes,
1206 1175 1316 1237 parvo

367 1264 447 1338 post
469 1275 607 1319 emenso
630 1256 795 1337 temporis
820 1256 946 1337 spatio,
968 1256 1004 1318 in
1031 1253 1196 1336 Angliam
1220 1255 1316 1319 veni·

367 1375 429 1419 ens
461 1356 535 1436 regi
572 1355 759 1437 suggessit,
796 1354 889 1437 quod
919 1375 982 1436 pro
1013 1354 1145 1434 treugis
1178 1373 1199 1417 a
1234 1374 1316 1435 rege

370 1456 582 1518 Francorum
605 1453 800 1518 obtinendis
825 1453 988 1535 quicquid
1015 1454 1051 1516 in
1078 1472 1165 1516 auro
1195 1453 1318 1518 habuit

368 1555 425 1619 vel
452 1560 597 1636 argento
622 1553 800 1629 effuderat,
823 1559 944 1634 petens
968 1553 1035 1617 sibi
1062 1553 1315 1617 restitutionem

363 1653 441 1717 -fieri
474 1652 667 1735 quindecim
701 1652 847 1716 millium
879 1671 1083 1729 marcarum,
1115 1671 1202 1734 quas
1237 1672 1316 1716 con·

368 1760 563 1834 sumpserat
592 1772 654 1834 pro
680 1751 878 1815 defensione
906 1758 1009 1814 terrae
1034 1770 1107 1815 snae
1130 1759 1166 1814 et
1181 1751 1317 1832 Angla-

364 1871 444 1914 -rum
463 1851 555 1933 regis
573 1851 713 1915 honore.
762 1849 818 1915 Ad
837 1850 911 1914 haec
928 1851 1140 1932 respondens
1157 1870 1221 1913 rex
1239 1851 1317 1914 dix·

364 1950 408 2028 it,
431 1950 522 2032 quod
545 1969 607 2031 per
629 1970 707 2014 eum
731 1957 862 2034 treugae
884 1970 954 2014 non
977 1959 1076 2014 erant
1092 1951 1244 2014 obtentae
1261 1950 1317 2015 vel

369 2051 593 2126 confirmatae,
616 2048 782 2132 adjiciens
801 2049 953 2131 insuper,
969 2049 1062 2130 quod
1084 2049 1128 2112 ad
1149 2049 1317 2114 defensio-

369 2168 448 2212 nem
463 2148 654 2213 Britanniae
675 2169 744 2213 non
761 2147 975 2212 sufficiebant
991 2146 1136 2229 Angliae‘
1151 2149 1318 2227 thesauri,

370 2250 461 2331 quod
478 2249 553 2333 jam
576 2269 637 2331 per
652 2248 835 2312 triennium
858 2248 1107 2330 comprobavit,
1128 2267 1192 2312 nec
1210 2249 1321 2314 voluit

370 2355 440 2411 tam
470 2347 651 2412 laboriosis
683 2346 845 2428 expensis
871 2346 1019 2428 amplius
1046 2346 1209 2428 fatigari3
1243 2348 1318 2425 sed,

370 2448 401 2509 si
425 2466 539 2510 comes
567 2446 759 2510 Britanniae
785 2445 850 2508 hoc
875 2444 1030 2509 sufficere
1052 2446 1219 2524 crederet,
1242 2448 1319 2529 ipse

371 2545 521 2608 mitteret
543 2552 692 2625 quatuor
714 2546 857 2610 comites
879 2545 921 2607 dc
944 2564 1051 2627 regno
1076 2544 1215 2626 Angliae
1239 2565 1319 2610 cum

366 2650 424 2706 tot
446 2642 609 2706 militibus
632 2652 666 2709 et
680 2644 764 2707 viris
792 2644 946 2720 armatis,
969 2645 1028 2726 qni
1054 2643 1249 2709 sufficerent
1275 2646 1319 2709 ad

370 2740 601 2805 defensionem
629 2750 730 2807 terrae
755 2743 848 2806 illius
878 2751 1000 2807 contra
1025 2763 1141 2825 regem
1168 2745 1321 2813 Franco·

370 2859 457 2904 rum.
523 2840 612 2905 Haec
633 2842 776 2905 audiens
802 2861 916 2906 comes
943 2842 1135 2906 Britanniae
1161 2844 1272 2908 iratus
1298 2864 1321 2908 a

371 2960 451 3022 rege
478 2941 631 3018 recessit,
654 2949 689 3005 et
710 2941 879 3005 transiens
903 2941 939 3004 in
962 2949 1088 3005 terram
1116 2961 1214 3006 suam
1236 2962 1320 3007 con-

371 3040 469 3103 tinuo
491 3040 534 3103 ad
555 3060 670 3122 regem
689 3040 901 3104 Francorum
915 3041 1090 3121 confugit;
1119 3051 1166 3118 et,
1181 3049 1220 3105 ut
1237 3061 1320 3124 pro·

371 3139 534 3203 ditionem
559 3147 680 3203 contra
701 3136 817 3221 regem
841 3140 970 3204 factam
990 3140 1054 3202 sub
1076 3141 1320 3223 qualicumque

371 3237 544 3302 schemate
568 3239 740 3320 palliaret,
766 3239 862 3302 venit
892 3240 935 3302 ad
967 3257 1082 3319 regem
1107 3239 1320 3303 Francorum

370 3337 532 3419 laqueum
561 3337 596 3399 in
615 3338 703 3401 collo
726 3357 862 3419 gerens,
888 3347 924 3402 et
945 3338 1153 3420 proditorem
1182 3357 1220 3402 se
1243 3359 1320 3403 esse

370 3455 619 3518 recognoscens
646 3436 793 3500 reddidit
816 3438 848 3500 ei
867 3437 1084 3500 Britanniam
1106 3444 1215 3501 totam
1241 3457 1319 3502 cum

370 3535 564 3618 municipiis
579 3542 615 3599 et
631 3536 793 3600 castellis
847 3535 912 3599 Cui
926 3556 989 3600 rex
1004 3537 1217 3600 Francorum
1234 3536 1319 3601 dici·

366 3641 427 3698 ·tur
441 3635 670 3718 respondisse,
681 3635 808 3712 ‘Licet,
824 3635 979 3715 proditor
993 3635 1212 3716 nequissime,
1226 3656 1318 3700 mor·

369 3740 439 3796 tem
455 3733 683 3817 promerueris
700 3735 946 3817 turpissimam,
961 3753 1101 3816 parcam
1118 3742 1234 3799 tamen
1248 3743 1320 3800 tuae

370 3833 543 3897 nobilitati
563 3841 601 3897 ut
625 3834 735 3911 vivaS,
759 3842 794 3899 et
816 3834 906 3897 dabo
925 3834 1142 3898 Britanniam
1163 3833 1235 3897 filio
1258 3841 1320 3898 tuo

371 3931 414 3994 ad
437 3933 543 3996 vitam
567 3953 678 4011 suam,
706 3934 757 3998 ita
782 3942 822 3998 ut
843 3940 924 4016 post
947 3939 1089 3997 mortem
1120 3933 1196 4015 ejus
1221 3953 1322 4015 reges

372 4031 583 4095 Francorum
613 4039 713 4096 terrae
736 4033 828 4096 illius
849 4032 1003 4096 haeredes
1022 4033 1199 4097 existant!
1251 4032 1322 4097 Co·

370 4150 441 4192 mes
466 4138 580 4194 autern
609 4134 710 4195 rebus
733 4133 891 4208 omnibus
914 4138 953 4196 ut
974 4132 1130 4214 proditor
1149 4132 1322 4216 spoliatus
