2864 4866
401 395 539 445 rnoans
566 395 835 445 ursroumnuu.
1027 379 1093 443 129

138 555 317 638 iudignum
340 554 538 639 judicantes
561 554 604 619 de
628 554 800 620 communi
830 573 1000 622 consensu
1022 553 1225 617 fra-nourr.

139 663 230 720 trum
256 656 434 738 elegerunt
460 656 665 737 magistrum
686 656 900 721 Willelmum
926 655 1088 719 clericum

138 775 252 833 suum,
279 757 391 821 virum
427 755 603 820 literatum
634 762 670 819 et
691 755 886 832 honestum,
909 755 1087 837 Wigorni-

137 876 254 921 ensem
280 855 571 932 archidiaconum,
599 862 634 919 et
657 857 771 939 ipsum
797 858 872 937 regi
900 865 1089 939 praesenta-

139 964 286 1036 verunt3
317 976 420 1040 quem
440 975 517 1020 cum
539 976 614 1032 rex,
639 956 785 1040 objectis
806 957 1011 1039 quibusdam
1028 956 1088 1019 fri-

139 1058 229 1121 volis
255 1057 529 1139 exceptionibus,
556 1064 763 1131 recusasset,
794 1056 954 1121 monachi
986 1076 1089 1138 quos-

140 1157 219 1222 dam
235 1158 279 1222 de
295 1163 468 1222 conventu
487 1156 634 1220 Romam
653 1157 820 1221 miserunt
834 1164 872 1221 ut
886 1157 1087 1220 electionem

139 1257 267 1322 factam
300 1257 508 1323 auctoritate
542 1258 665 1320 summi
699 1257 873 1339 pontificis
908 1257 1089 1321 confirma·

141 1366 228 1423 rent.
275 1357 355 1422 Rex
379 1364 506 1434 autem,
529 1376 605 1421 cum
630 1356 716 1421 talia
737 1358 970 1439 cognovisset,
994 1359 1088 1421 misit

141 1459 289 1523 Romam
322 1464 443 1523 contra
475 1457 663 1522 monachos
696 1458 896 1540 episcopum
927 1458 1088 1522 Cestreu·

138 1579 211 1625 sem
239 1567 275 1625 et
300 1557 480 1623 Lentoniae
510 1559 671 1641 priorem,
691 1566 731 1623 ut
757 1559 942 1623 eorundem
969 1579 1087 1623 mona·

139 1660 283 1726 chorum
308 1658 522 1742 propositum
549 1659 748 1736 irritarent3
780 1666 827 1735 et,
854 1658 903 1723 sic
934 1659 993 1723 diu
1018 1660 1087 1723 illis

139 1760 401 1837 altercantibus,
416 1759 593 1841 negotium
610 1758 808 1824 dilationem
825 1759 969 1842 accepit.

184 1937 335 2018 Qvoatodo
351 1890 544 2016 hodomiam,
561 1958 615 2002 rac
630 1937 842 2012 Francorum,
859 1935 1045 1999 Aniciorum

547 2037 670 2103 obsedit.

190 2161 299 2228 Venit
314 2163 446 2229 interca
468 2163 661 2229 Dominicae
684 2164 758 2228 dies
785 2164 1010 2241 ascensionis,
1029 2165 1088 2247 qui
1101 2176 1196 2266 {terreos

141 2261 256 2328 fuerat
281 2283 304 2328 a
329 2285 410 2348 rege
443 2264 656 2329 Francorum
685 2270 720 2328 et
745 2265 861 2347 legato
893 2260 1088 2346 Gallig'euis

1122 2227 1207 2275 vignon.

141 2383 243 2429 cruce
257 2364 405 2447 signatis
420 2365 648 2448 peremptorie
665 2365 888 2431 constitutus.
930 2364 1010 2430 Rex
1026 2385 1089 2429 au·

140 2470 222 2542 tem,
236 2465 279 2529 ad
292 2465 546 2549 expeditionem
561 2466 763 2529 necessariis
775 2466 868 2549 apud
879 2466 1087 2548 Lugdunum

140 2563 206 2633 rite
236 2565 455 2648 praeparatis,
483 2585 561 2630 cum
588 2565 743 2630 exercitu
769 2567 869 2649 quasi
900 2566 1089 2630 invincibili

139 2664 206 2729 iter
226 2667 385 2749 arripuit,
402 2672 567 2749 sequente
583 2666 700 2748 legato
715 2685 792 2730 cum
810 2667 1089 2750 archiepiscopis,

142 2765 315 2851 episcopis
331 2774 367 2832 et
383 2767 461 2831 aliis
483 2766 705 2830 ecclesiarum
728 2767 902 2849 praelatis3
927 2769 1089 2831 aestimati

140 2874 358 2932 enatantem
378 2867 414 2931 in
436 2869 592 2931 exercitu
613 2867 759 2930 militum
784 2874 819 2932 et
841 2869 995 2950 equitum
1017 2867 1089 2932 bel·

140 2965 291 3033 latorum
315 2968 359 3032 ad
378 2967 632 3052 quinquaginta
655 2967 774 3044 millia,
796 2975 923 3050 praeter
944 2968 1089 3050 pedites,

141 3067 201 3149 qui
223 3067 324 3151 quasi
350 3068 415 3132 sub
440 3087 582 3133 numero
608 3087 676 3132 non
699 3068 880 3132 cadebant.
934 3067 1089 3149 Legatus

142 3173 258 3232 autem
285 3167 597 3234 excommunicavit
621 3167 757 3250 publice
781 3168 939 3233 comitem
962 3168 1088 3232 Tholo

142 3287 265 3333 sanum
293 3276 329 3333 et
353 3288 472 3333 omnes
501 3268 577 3353 ejus
601 3267 766 3345 fautores,
790 3277 825 3332 et
847 3275 973 3332 terram
996 3269 1088 3332 illius

142 3373 252 3435 totam
283 3370 466 3453 supposuit
496 3369 690 3433 interdicto.
757 3367 940 3434 Profectus
970 3370 1089 3451 itaque

141 3487 204 3532 rex
236 3469 442 3535 micantibus
474 3469 605 3553 clypeis
635 3476 671 3533 et
697 3469 848 3545 vexillis,
880 3469 979 3554 cujus
1011 3489 1090 3552 pro-

141 3587 282 3650 gressus
304 3569 392 3634 adeo
420 3577 495 3634 erat
517 3569 702 3645 horribilis
723 3576 762 3633 ut
780 3575 972 3634 castrorum
996 3571 1088 3634 acies

142 3668 303 3735 ordinata
332 3666 385 3754 [in
413 3669 628 3755 provinciam
654 3671 813 3752 pervenit
840 3671 975 3734 comitis
995 3670 1090 3735 Tho-

141 3769 281 3852 losum]
333 3763 508 3836 ¹Tandem
530 3771 566 3834 in
584 3770 705 3852 vigilia
724 3769 949 3835 Pentecostes
971 3791 1089 3835 omnes

178 3977 186 4008 ¹
196 3974 326 4048 ranam]
344 3980 392 4037 See
403 3980 446 4031 the
458 3984 566 4031 account
576 3979 606 4029 of
629 3994 671 4030 see
688 3981 743 4029 also
753 3994 770 4028 a
780 3980 854 4029 letter
864 3978 927 4030 from
939 3980 982 4030 the
999 3983 1091 4030 barone

140 4050 521 4114 thissiegebyanauonymous
532 4050 604 4100 chro-
629 4051 654 4099 in
671 4050 713 4099 the
732 4051 831 4103 Frencb
851 4065 923 4116 army
939 4056 965 4100 to
980 4051 1023 4100 the
1041 4067 1092 4103 em·

141 4121 222 4171 nicler
232 4120 261 4170 oi
267 4121 311 4173 tlte
320 4122 393 4184 reign
402 4121 432 4171 os
440 4121 518 4170 Iouis
527 4121 603 4172 VIII.
629 4136 703 4182 peror
713 4120 832 4173 Frederic
839 4136 847 4182 ;
865 4121 926 4172 ibid.
939 4138 966 4184 p.
979 4126 1035 4170 344.

143 4190 207 4243 aar.
217 4191 264 4241 des
277 4190 347 4244 flia
357 4197 418 4242 tom.
429 4193 493 4245 xvii.
504 4207 531 4253 p.
543 4195 605 4242 δῦθι

193 4283 273 4335 Vola·
292 4283 341 4331 IV.
577 4331 579 4335 ,
919 4284 942 4334 K
