2864 4866
178 885 233 926 Μ).
245 887 301 925 1226.

178 937 273 976 conduct
282 937 306 977 ot

178 987 260 1036 Henry.

341 388 408 454 126
598 405 732 452 nonam
757 405 804 451 nn
827 405 1035 454 wannovan

389 638 477 719 Quod
490 659 544 702 roc
558 628 732 725 Anylorcm
749 637 787 702 dc
803 637 1036 722 transfretando
1045 637 1239 724 propositum

753 746 886 803 mutabit

393 863 471 928 Rex
492 863 687 946 Anglorum
711 863 855 941 interea,
876 864 936 946 qui
961 863 1095 927 ardenti
1124 861 1294 926 desiderio

341 965 481 1029 sitiebat
505 963 548 1028 ad
569 971 685 1047 partes
710 965 959 1029 transmarinas
983 964 1154 1028 hostiliter
1180 970 1293 1027 trans-

341 1066 480 1143 fretare,
503 1065 703 1130 convocatis
720 1065 924 1128 consiliariis
950 1065 1034 1142 suis,
1056 1063 1139 1128 feeit
1155 1063 1293 1128 recitari

341 1165 459 1229 literas
485 1165 551 1229 sibi
572 1186 593 1229 a
610 1165 748 1229 domino
768 1184 861 1248 papa
877 1165 1111 1240 transmissas,
1134 1183 1293 1247 quaerens

341 1267 449 1329 abeis
472 1266 665 1344 consilium,
690 1265 772 1347 quid
797 1285 901 1348 super
921 1266 983 1330 tali
1000 1265 1204 1329 inhibitione
1226 1263 1291 1328 sibi

341 1366 430 1431 foret
448 1367 631 1449 agendum.
685 1365 824 1429 Placuit
839 1366 957 1449 itaque
971 1366 1125 1449 praelatis
1143 1372 1178 1428 et
1194 1385 1291 1447 mag-

341 1468 478 1531 natibus
502 1467 671 1543 omnibus,
691 1473 730 1530 ut
744 1465 939 1531 differretur
960 1467 1136 1550 negotium
1160 1466 1293 1530 deside-

340 1575 466 1646 ratum,
492 1567 601 1631 donec
626 1573 801 1632 constaret
823 1568 865 1632 de
885 1587 967 1649 rege
984 1568 1209 1643 Francorum,
1233 1567 1291 1649 qui

325 1675 413 1733 ‘tam
440 1666 576 1732 difficile
601 1688 690 1752 opus
722 1674 758 1731 et
786 1668 1000 1751 propositum
1030 1668 1179 1732 habebat
1205 1667 1292 1731 adeo

341 1776 592 1852 sumptuosum,
623 1789 725 1852 quem
757 1788 811 1832 res
839 1776 931 1833 esset
959 1770 1090 1833 exitum
1118 1768 1289 1832 habitura.

341 1870 428 1934 Erat
460 1870 568 1952 igitur
597 1890 660 1933 rex
693 1867 885 1951 Anglorum
918 1870 961 1934 de
990 1867 1096 1933 fratre
1128 1889 1192 1933 suo
1226 1868 1290 1933 Ri-

341 1970 481 2047 chardo,
507 1971 567 2053 qui
598 1977 681 2035 tunc
712 1971 748 2032 in
770 1969 960 2034 Waseonia
991 1971 1131 2034 bellicas
1163 1971 1291 2052 agebat

340 2071 591 2153 expeditiones,
612 2070 713 2136 valde
746 2070 927 2148 sollicitus,
954 2071 1220 2153 supramodum
1246 2070 1290 2133 ad

339 2171 451 2254 ipsum
467 2170 666 2236 desiderans
680 2170 918 2250 transfretar03
942 2171 1014 2249 sed,
1024 2170 1105 2235 dum
1122 2190 1186 2235 rex
1199 2172 1291 2234 circa

340 2271 480 2335 fratrem
512 2278 547 2335 et
579 2272 621 2335 de
653 2271 729 2354 ejus
758 2272 985 2336 subventione
1019 2271 1105 2336 satis
1135 2273 1290 2335 comosus

340 2372 516 2449 existeret,
547 2378 716 2436 venerunt
744 2372 855 2435 nuntii
881 2371 957 2456 ejus
990 2372 1033 2434 ad
1066 2392 1182 2454 regem
1212 2392 1289 2435 cnm

341 2472 462 2549 literis,
487 2472 640 2536 dicentes
659 2471 772 2554 ipsum
794 2491 916 2535 sanum
939 2492 1015 2536 esse
1035 2479 1070 2536 et
1084 2473 1290 2536 incolumem

341 2578 376 2637 et
389 2572 481 2655 quod
503 2574 620 2636 omnia
640 2573 705 2636 sibi
725 2592 888 2655 prospere
910 2572 1151 2638 succedebant.
1205 2573 1290 2636 Erat

340 2679 456 2736 autem
478 2680 561 2737 tunc
576 2674 667 2738 inter
683 2674 775 2755 regis
792 2673 1006 2738 consiliarios
1024 2675 1191 2755 magister
1202 2673 1291 2738 Wil-

340 2773 474 2851 lelmus‚
506 2780 734 2856 cognomento
762 2773 962 2856 Pierepunt‚
986 2774 1021 2836 in
1053 2780 1127 2837 arte
1158 2775 1289 2856 peritus

341 2873 572 2951 astronomiae,
595 2875 655 2957 qui
680 2880 880 2938 constanter
905 2893 1020 2938 coram
1045 2893 1126 2955 rege
1143 2871 1291 2937 affirma·

340 2974 412 3052 bat,
427 2973 531 3057 quod,
555 2975 584 3038 si
613 2993 674 3038 rex
696 2974 907 3038 Francorum
933 2974 1131 3039 inchoatam
1150 2974 1289 3056 expedi·

340 3075 468 3138 tionem
485 3075 740 3157 exsequendam
761 3081 962 3152 assumeret,
974 3075 1029 3139 vel
1046 3094 1222 3157 nunquam
1240 3073 1291 3139 vi·

340 3194 405 3240 vus
429 3176 567 3253 rediret,
588 3181 649 3239 aut
668 3175 854 3238 maximam
878 3175 932 3238 sui
954 3182 990 3239 ct
1014 3194 1126 3238 rerum
1149 3194 1289 3239 suarum

340 3294 548 3359 suorumque
576 3276 727 3340 omnium
753 3275 988 3339 confusionem
1015 3276 1155 3339 subiret.
1209 3275 1288 3339 Rex

340 3365 467 3455 autem,
488 3396 531 3440 ex
553 3377 606 3440 his
625 3396 702 3460 quae
722 3375 880 3440 audierat
898 3376 1123 3454 exhilaratus,
1148 3396 1289 3441 suorum

340 3477 484 3541 consilio
501 3475 688 3559 adquievit.

396 3648 398 3652 ’
448 3652 498 3716 Do
513 3661 607 3718 morte
622 3654 793 3733 aichardi,
808 3654 1023 3718 Danclowcsis
1038 3654 1180 3739 episcopi.

179 3795 323 3837 nestrorum
392 3778 522 3843 Eodem
547 3799 638 3844 anno
664 3779 860 3844 Richardus
890 3780 933 3844 de
964 3779 1128 3856 Marisco‚
1158 3779 1290 3842 Dunel-

178 3847 252 3896 blahop
263 3847 287 3887 of

179 3898 282 3938 Durium.

340 3879 469 3944 mensis
495 3880 689 3963 episcopus,
714 3901 777 3963 pro
809 3881 1008 3964 turpissima
1032 3898 1137 3963 quam
1164 3882 1290 3962 agebat

340 3988 462 4047 contra
479 3981 665 4046 monachos
687 4001 769 4046 suos
785 4001 902 4058 causa,
925 3980 967 4044 ad
992 3979 1082 4044 diem
1098 3980 1289 4045 Londoniis

339 4082 564 4146 constitutum
587 4103 666 4147 cum
688 4083 838 4146 tumultu
861 4081 978 4147 valido
1000 4081 1214 4145 reboantium
1241 4082 1290 4144 le-

339 4182 508 4264 gistarum
534 4203 736 4267 properans
764 4182 855 4266 apud
877 4184 1023 4264 burgum
1052 4183 1164 4246 sancti
1192 4181 1290 4246 Petri
