2864 4866
194 586 250 628 ab.
260 587 316 627 12³2.

185 637 249 678 ‚war
258 639 289 678 t'or

132 725 134 729 ,
193 689 303 737 collectlng

194 739 232 778 the
240 743 277 778 tax
286 749 313 777 on

195 788 322 829 moveablas.

353 395 420 460 254
608 409 743 459 aornar
767 409 814 455 nn
837 407 1045 464 wnnnovnn

355 571 398 636 de
414 569 568 645 Thaneo,
584 569 761 635 Willelmo
778 569 821 634 de
838 569 1058 635 Guleworthe
1075 576 1111 632 et
1125 568 1215 633 Adae
1232 567 1304 633 filio

355 671 535 748 Willelmi,
560 670 801 735 collectoribus
829 670 1115 754 quadragesimae,
1142 669 1304 734 salutem.

356 771 494 848 Sciatis,
526 770 619 853 quod
654 768 916 853 archiepiscopi,
949 770 1115 852 episcopi,
1147 771 1304 847 abbatae,

355 873 488 956 priores
505 878 540 936 et
557 870 685 949 clerici,
705 879 815 936 terras
839 870 1018 949 habentes,
1032 889 1110 953 quae
1130 870 1173 933 ad
1196 869 1306 934 eccle·

355 973 426 1037 sias
449 991 532 1037 suas
560 990 630 1035 non
650 972 835 1054 pertinent,
861 972 1018 1048 comites,
1037 973 1196 1046 barones,
1215 970 1305 1033 mili-

356 1079 421 1151 tes,
439 1073 546 1136 ‘liberi
574 1071 730 1137 homines
755 1079 791 1136 et
812 1071 933 1136 villani
965 1071 1008 1134 de
1034 1091 1142 1152 regno
1170 1078 1304 1147 nostro,

355 1179 601 1237 concesserunt
623 1172 722 1236 nobis
747 1172 783 1235 in
808 1172 977 1236 auxilium
1001 1171 1303 1254 quadragesimam

356 1279 490 1354 partem
511 1273 663 1337 omnium
686 1272 863 1337 mobilium
883 1291 1023 1336 suorum
1048 1271 1303 1354 apparentium,

355 1373 447 1439 sicut
469 1392 511 1437 ea
542 1373 736 1437 habuerunt
759 1373 797 1436 in
818 1374 971 1438 crastino
998 1373 1110 1436 sancti
1139 1371 1302 1436 Matthaei

356 1491 448 1538 anno
470 1474 569 1555 regni
593 1474 702 1537 nostri
725 1473 857 1537 decimo
886 1480 1000 1550 sexto,
1020 1471 1191 1550 videlicet,
1208 1472 1303 1554 qnod

357 1573 400 1636 de
422 1573 547 1651 bladis,
562 1572 726 1649 carrucis
743 1573 879 1649 ovibus,
898 1573 1024 1649 vacciS,
1047 1573 1175 1654 porcis,
1198 1572 1301 1637 hara-

254 1702 255 1705 *
356 1674 433 1752 ciis,
456 1673 553 1757 cquis
573 1672 768 1739 cartelariis
794 1680 829 1736 et
845 1673 1020 1756 deputatis
1045 1674 1088 1737 ad
1111 1672 1302 1754 wainnagi·

356 1793 416 1838 um
445 1775 481 1839 in
510 1773 684 1849 maneriis,
716 1772 871 1856 exceptis
899 1773 1010 1849 bonis,
1039 1792 1120 1855 quae
1144 1773 1302 1855 praedicti

356 1874 618 1958 archiepiscopi,
641 1873 794 1957 episcopi
823 1880 858 1938 et
875 1874 955 1937 aliae
982 1893 1139 1956 personae
1163 1875 1304 1937 ecclesi-

356 1975 476 2039 asticae
503 1974 631 2039 habent
653 1974 696 2038 de
728 1973 881 2038 ecclesiis
912 1973 1169 2056 parochialibus
1197 1981 1233 2037 et
1259 1975 1302 2038 da

356 2075 510 2139 ecclesiis
536 2073 781 2156 praebendatis,
800 2080 836 2138 et
853 2074 1059 2156 praebendis,
1080 2080 1117 2143 ot
1133 2074 1235 2138 terris
1256 2075 1301 2139 ad

355 2175 559 2257 praebendas
581 2174 832 2258 pertinentibus
852 2181 887 2238 et
903 2175 1067 2239 ecclesias
1085 2173 1301 2257 parochiales

355 2275 603 2357 spectantibus.
656 2273 840 2339 Provisum
866 2281 921 2339 ast
940 2274 1149 2357 generaliter
1171 2293 1193 2338 a
1214 2295 1303 2356 prae-

356 2374 457 2438 dictis
478 2373 635 2438 fidelibus
657 2374 796 2452 nostris,
813 2376 907 2458 quod
925 2375 1093 2457 praedicta
1109 2374 1302 2457 quadrage-

356 2475 444 2538 sima
471 2474 537 2538 hoc
565 2474 667 2539 modo
691 2474 885 2538 assideatur
905 2482 941 2539 et
965 2476 1172 2557 colligatum
1197 2477 1302 2557 quod,

356 2574 529 2652 videlicet,
545 2575 588 2638 de
607 2574 761 2657 qualibet
777 2575 861 2639 villa
873 2575 1011 2656 integra
1027 2576 1202 2657 eligantur
1215 2596 1302 2659 qua-

357 2681 437 2738 tuor
453 2674 497 2738 de
511 2675 710 2739 melioribus
726 2681 762 2738 et
774 2674 997 2756 legalioribus
1011 2675 1216 2752 hominibus,
1232 2696 1303 2740 una

357 2793 435 2838 cum
450 2775 646 2857 praepositis
663 2775 876 2856 singularum
892 2775 1065 2853 villarum,
1077 2794 1139 2857 per
1154 2796 1302 2858 quorum

355 2881 608 2940 sacramentum
639 2875 905 2957 quadragesima
932 2893 1014 2958 pars
1048 2876 1200 2939 omnium
1229 2896 1303 2941 mo-

355 2976 475 3039 bilium
500 2975 742 3058 praedictorum
766 2983 907 3040 taxetur
934 2983 969 3040 et
984 2975 1178 3040 assideatur
1198 2995 1303 3060 super

354 3075 513 3157 singulos
526 3074 562 3138 in
578 3075 765 3159 praesentia
785 3076 932 3140 militum
947 3095 1159 3140 assessorum
1176 3076 1221 3140 ad
1237 3076 1302 3141 hoc

355 3175 634 3256 assignatorum
662 3183 698 3240 at
714 3182 836 3259 postea
857 3196 919 3258 per
939 3183 1193 3241 sacramentum
1218 3177 1303 3242 duo·

355 3294 431 3339 rum
448 3277 610 3358 legalium
625 3276 800 3339 hominum
815 3276 1001 3342 earundem
1012 3277 1173 3341 villarum
1188 3277 1303 3359 inqui-

341 3369 453 3440 'ratur
472 3383 508 3442 et
524 3376 718 3441 assideatur
732 3376 998 3458 quadragesima
1018 3377 1171 3441 omnium
1192 3378 1302 3441 mobi-

355 3474 451 3553 lium,
474 3496 551 3560 quae
577 3476 733 3558 praedicti
756 3483 907 3559 quatuor
930 3476 1086 3540 homines
1109 3483 1145 3540 et
1166 3496 1302 3560 praepo=

355 3576 414 3639 siti
433 3575 581 3652 habent;
605 3583 641 3641 et
655 3575 811 3640 districte
832 3577 1043 3641 inbrevietur
1062 3583 1098 3641 et
1113 3584 1245 3661 aperte,
1260 3578 1302 3641 de

356 3675 457 3759 cujus
475 3676 531 3740 vel
554 3675 598 3739 de
617 3695 764 3758 quorum
789 3676 931 3741 baronia
951 3677 1114 3759 quaelibet
1128 3677 1212 3742 villa
1228 3676 1303 3741 fue-

356 3775 402 3838 rit
424 3776 459 3838 in
485 3783 584 3858 parte
601 3775 657 3840 vel
678 3776 715 3838 in
732 3782 818 3841 toto.
870 3777 929 3855 Et,
945 3784 1128 3861 postquam
1152 3777 1302 3860 quadra·

356 3875 489 3956 gesimo
505 3875 609 3940 fuerit
630 3875 742 3941 assisa
767 3876 859 3941 etin
882 3879 1050 3960 scriptum
1075 3878 1228 3956 redacta,
1245 3898 1303 3943 ro-

356 3975 450 4039 tulus
469 3976 888 4060 omniumparticularum
912 3977 955 4042 de
981 3977 1131 4060 singulis
1148 3977 1240 4042 villis
1266 3987 1302 4042 et

268 4150 273 4160 1
353 4074 500 4157 singulis
519 4076 739 4141 comitatibus
754 4077 919 4141 liberetur
939 4078 1131 4143 senescallo
1147 4078 1303 4160 singulo·

353 4195 429 4239 rum
448 4178 626 4255 baronum,
643 4177 699 4242 vel
715 4183 893 4243 attornato
909 4177 1018 4262 ipsius
1036 4178 1228 4254 senescalli,
1245 4179 1301 4244 vel
