2864 4866
402 424 539 472 rnonns
564 424 833 475 meronmnuu.
1022 412 1089 477 339

143 600 184 643 ea
205 581 441 645 Romanorum
471 583 670 664 imperator,
697 590 732 645 et
754 582 862 645 frater
889 581 963 664 ejus
987 582 1086 646 Hen-
1101 605 1222 644 aranu.

143 679 234 742 ricus
257 680 421 745 Saxoniae
445 681 517 744 dux
533 689 568 745 et
584 701 647 744 rex
665 681 802 744 tandem
820 688 920 745 terrae
935 689 1086 762 sanctae;

144 786 302 858 quartam
336 781 439 844 duxit
466 800 580 844 comes
611 780 829 843 Tholosonus
861 779 1088 859 ReimunduS,

144 883 179 939 et
204 879 359 958 quintam
388 899 503 943 comes
536 879 712 943 Rotrodus
745 879 965 943 Perticensis.
1018 880 1088 944 His

142 975 250 1056 igitur
274 984 309 1041 et
331 979 563 1042 consimilibus
589 979 803 1060 imperatrix,
831 980 972 1042 ‘atavis
995 980 1089 1044 edita

144 1075 307 1155 regibuS,'
339 1085 486 1160 patrem,
513 1083 553 1140 ut
579 1077 709 1140 dictum
740 1085 805 1155 est,
829 1077 949 1142 habuit
973 1099 1088 1160 regem

143 1172 168 1236 J
170 1174 353 1252 ohannem,
372 1177 431 1258 qui
447 1177 512 1240 fuit
526 1176 617 1239 filius
633 1177 806 1258 magnifici
821 1178 912 1259 regis
930 1178 1088 1255 Henrici‚

145 1274 205 1354 qui
233 1274 299 1339 fuit
326 1276 417 1339 filius
454 1275 611 1340 Matildis
643 1277 814 1360 quondam
849 1276 1087 1359 imperatricis,

146 1392 224 1454 quae
242 1373 307 1437 fuit
323 1375 395 1438 filia
412 1376 503 1456 regis
520 1373 713 1457 Anglorum
733 1375 877 1440 Henrici
894 1378 1039 1440 senioris
1054 1385 1089 1440 et

147 1471 303 1536 Matildis
331 1475 470 1556 reginae.
525 1474 614 1538 Haec
637 1475 793 1538 Matildis
816 1475 888 1538 filia
909 1475 975 1539 tuit
997 1475 1089 1538 Mal·
1177 1529 1179 1533 ,

146 1571 248 1634 colmi
273 1573 365 1655 regis
389 1574 570 1638 Scotorum
596 1581 630 1637 et
652 1581 782 1638 sanctae
805 1574 1015 1655 Margaretae
1038 1595 1091 1638 re-

146 1671 246 1750 ginae.
300 1673 501 1754 Margareta
525 1673 596 1735 filia
618 1673 683 1736 fuit
698 1667 1012 1755 Eadwardi,‘quam
1031 1693 1090 1753 ge·

146 1778 269 1835 nuerat
285 1792 327 1835 ex
347 1770 493 1853 Agatha·
509 1791 626 1858 sorore
644 1772 790 1835 Henrici
813 1770 963 1834 Romani
981 1773 1089 1854 impe·

146 1871 283 1933 ratoris.
324 1870 398 1934 Iste
416 1871 629 1935 Eadwardus
646 1871 736 1933 filius
751 1871 816 1934 fuit
828 1871 1020 1934 Eadmundi
1035 1891 1088 1935 re·

147 1968 201 2048 gis
220 1968 425 2050 Anglornm‚
447 1972 506 2053 qui
524 1970 797 2034 Lotus-ferreum
822 1969 1009 2047 dicebatur,
1032 1990 1089 2033 cu·

143 2066 203 2148 jus
229 2076 329 2148 pater
352 2069 418 2132 fuit
441 2090 503 2133 rex
531 2069 748 2146 Ethelredus,
774 2070 873 2153 cujus
901 2076 1001 2150 pater
1027 2088 1090 2132 rex

148 2165 328 2247 Eadgarus
347 2168 531 2244 Pacificus,
545 2169 645 2252 cujus
661 2176 760 2250 pater
777 2188 839 2232 rex
855 2168 1090 2244 Eodmundus,

146 2265 245 2348 cujus
270 2273 370 2347 pater
390 2287 453 2331 rex
470 2268 684 2332 Eadwardus
705 2268 847 2349 primus,
870 2267 969 2348 cujus
992 2273 1092 2347 pater

147 2363 213 2427 fuit
247 2365 392 2428 illustris
426 2386 489 2430 rex
523 2365 716 2447 Anglorum
749 2364 919 2430 Alfredus.
973 2364 1091 2448 Hujus

148 2463 352 2544 genealogia
373 2465 407 2527 in
431 2462 625 2546 Anglorum
647 2464 798 2528 historiis
820 2464 1017 2547 perducitur
1035 2485 1091 2527 us-

148 2581 214 2643 que
237 2562 280 2625 ad
303 2561 418 2626 Adam
447 2565 595 2646 primum
623 2571 812 2645 parentem.
858 2563 1002 2626 Talibus
1029 2584 1092 2627 au·

146 2668 215 2724 tem
238 2663 440 2743 imperatrix
461 2663 672 2744 genitoribus
703 2669 885 2744 procreata
907 2663 1092 2744 imperiali-

146 2761 211 2823 bus
233 2761 363 2842 nuptiis
386 2761 421 2824 in
445 2763 604 2825 omuibus
622 2760 823 2842 dignissima
839 2761 1025 2844 judicatur.

199 2853 296 2922 Huc¹
315 2879 424 2942 usque
446 2862 584 2943 scripsit
601 2862 738 2924 cronica
760 2859 918 2935 dominus
934 2859 1093 2941 Rogerus

146 2959 189 3022 de
205 2957 414 3023 Wendovre.

230 3126 333 3184 Cernis
348 3127 500 3204 completas
522 3159 528 3173 ·
551 3127 597 3184 hic
611 3134 708 3183 nostro
721 3133 847 3201 tempore
861 3131 958 3193 metas,

147 3254 149 3258 Α
229 3220 260 3279 Si
274 3221 337 3298 plus
348 3221 422 3279 forte
436 3230 515 3299 petas
536 3255 544 3271 ·
566 3223 617 3279 tibi
631 3226 746 3299 2postea
759 3221 869 3277 nuntiet
882 3227 961 3276 aetas.

185 3409 266 3459 ιΗιιο
277 3407 374 3478 tesqua]
392 3411 446 3460 The
463 3426 531 3460 same
548 3412 613 3459 lines
637 3411 718 3460 editor
735 3410 781 3458 has
803 3410 903 3458 noticed
924 3408 979 3457 that
1000 3422 1032 3456 on
1054 3407 1096 3455 the

147 3482 281 3543 precisely,
298 3481 361 3529 with
381 3481 423 3529 the
435 3481 569 3542 colophon,
584 3496 613 3529 as
637 3481 734 3542 margin
752 3481 775 3528 is
792 3479 901 3542 written,
917 3478 999 3526 ‘Huc
1015 3491 1097 3538 usque

147 3553 237 3612 above,
248 3565 325 3599 occur
343 3552 370 3598 in
386 3551 428 3600 the
442 3550 542 3600 Cotton.
555 3551 612 3599 MS.
637 3565 651 3598 e
663 3553 761 3598 vetusto
771 3543 852 3597 libro.’

148 3635 178 3669 as
200 3621 309 3668 collated
332 3622 365 3682 by
387 3621 468 3669 Wats.
518 3621 549 3667 In
571 3619 614 3668 the
674 3617 806 3682 ’Poctecl
831 3618 873 3665 An
890 3631 958 3666 error
974 3615 1098 3677 probably

150 3690 207 3754 MS.
219 3689 248 3738 of
262 3690 388 3739 Matthew
400 3690 475 3740 Poris
485 3689 528 3738 the
545 3703 614 3738 same
638 3688 667 3737 oi
675 3688 717 3738 the
729 3689 810 3738 scribe
821 3687 860 3736 ior
870 3687 878 3715 ⁴
888 3681 1005 3749 postera?
