2864 4866
361 403 504 457 monus
523 402 792 451 rnsronmnuu.
986 387 1053 452 33⁵

106 561 280 627 suavitate
304 561 486 639 ferebant;
520 561 739 642 phalerarum
764 561 901 646 quidem
925 568 978 626 tot
1002 563 1052 626 eis
1065 577 1201 618 unns:

107 669 207 726 erant
226 662 412 725 varietates
437 660 474 723 in
499 660 593 723 sellis
618 660 795 724 deauratis
820 670 856 725 et
878 661 1053 726 subtiliter

109 761 267 843 sculptiS,
288 780 365 824 cum
380 759 497 823 fraenis
510 759 686 823 deauratis
709 768 745 824 et
762 761 845 823 loris
867 760 1052 825 artificiose

108 861 320 942 compositis,
338 867 466 924 uttam
487 878 594 942 equos
611 879 715 941 quam
732 859 866 941 equites
886 860 1054 924 mirabili·

109 968 162 1024 ter
172 959 384 1024 decorarent.
431 958 587 1040 Cumque
596 979 658 1040 per
666 959 864 1023 Roffenscm
877 960 1054 1024 civitatem

81 1107 84 1112 -
111 1060 155 1124 ad
180 1060 355 1124 abbatiam
377 1059 420 1123 de
445 1058 677 1122 Feveresham
700 1059 952 1135 convenissent,
974 1059 1054 1123 inde

111 1159 203 1242 apud
222 1159 446 1227 cantuariam
470 1158 616 1240 profecti
647 1157 689 1222 ad
709 1167 869 1223 sanctum
886 1159 1055 1223 Thomam

111 1259 390 1340 archipraesulem
407 1265 443 1322 et
458 1265 641 1341 martyrem
662 1259 827 1322 orationis
848 1260 961 1340 gratia
978 1279 1057 1340 per-

111 1365 300 1437 venerunt3
324 1358 383 1421 ubi
402 1358 574 1440 completo
595 1357 788 1422 devotionis
813 1359 989 1439 obsequie,
1012 1359 1056 1422 ad

111 1467 248 1540 portum
272 1457 549 1522 Sandwicensem
569 1458 669 1540 quasi
685 1458 753 1522 tria
774 1458 928 1541 equitum
949 1457 1059 1521 millia

112 1566 355 1622 convenerunt.
402 1557 613 1641 Imperatrix
636 1565 751 1622 autem
773 1564 809 1621 et
831 1557 1059 1640 archiepisco-

114 1677 179 1740 pus
203 1657 431 1733 Coloniensis,
452 1677 542 1742 cum,
559 1658 693 1722 caeteris
718 1656 802 1721 viris
829 1657 1001 1721 nobilibus
1024 1666 1059 1720 et

113 1758 281 1821 matronis
310 1758 354 1820 ad
384 1757 592 1820 conductum
619 1756 695 1840 ejus
718 1756 916 1838 assignatis,
939 1757 1059 1839 quinto

113 1857 190 1920 idus
217 1857 305 1921 Maii
328 1851 458 1919 ¹naves.
475 1856 622 1938 ingressi
646 1856 733 1919 velis
759 1857 958 1937 patentibus
982 1875 1060 1919 sese

114 1957 240 2039 pelago
268 1954 536 2035 commiserunt;
570 1974 633 2019 nec
662 1954 846 2037 lachrymae
876 1954 1060 2019 defuerunt

115 2076 193 2120 cum
208 2057 349 2120 statera
365 2074 495 2133 sorore,
509 2074 573 2118 rex
590 2054 635 2118 ab
646 2054 875 2136 imperatrice,
889 2055 1059 2118 discessit.

217 2229 367 2309 Quomodo
383 2229 571 2314 imperatris
588 2205 677 2313 opud
692 2227 851 2292 dolatione
870 2229 961 2293 uenit

168 2353 425 2436 Navigantibus
446 2361 561 2418 autem
581 2353 673 2430 illis,
684 2359 765 2433 post
782 2360 852 2416 tres
869 2352 943 2416 dies
960 2360 995 2416 ct
1009 2360 1062 2417 to·
1048 2365 1207 2466 -gegffl

117 2453 222 2518 tidem
246 2462 364 2518 noctes
388 2454 514 2517 ostium
537 2453 650 2517 Rheni
667 2451 818 2515 fluminis
833 2453 1063 2529 intraverunt,
1202 2442 1208 2461 '

118 2561 165 2630 et,
180 2553 350 2636 completo
366 2553 469 2616 unius
483 2553 552 2617 diei
565 2560 601 2617 et
614 2553 726 2616 noctis
749 2571 864 2629 cursu,
879 2551 971 2635 apud
987 2550 1062 2615 An·

117 2673 216 2718 evcrs
238 2653 489 2736 applicuerunt,
510 2653 547 2715 in
570 2659 665 2716 terra
685 2652 818 2716 seilicet
835 2652 908 2736 juri
924 2652 1062 2734 imperi·

118 2754 165 2818 ali
187 2753 355 2837 subjecta.
402 2751 537 2830 Quibus
564 2753 817 2834 applicantibus
843 2753 994 2816 occurrit
1013 2751 1063 2814 in-

117 2872 262 2917 numera
281 2852 465 2916 multitudo
492 2852 656 2916 nobilium
685 2858 895 2914 armatorum
923 2850 967 2914 ad
989 2871 1064 2914 cus·

120 2953 246 3017 todiam
278 2952 507 3034 imperatricis
538 2953 582 3014 ab
614 2951 819 3033 imperatore
849 2949 1064 3026 transmissa,

120 3072 197 3135 quae
222 3052 343 3115 diebus
374 3070 414 3114 ac
440 3052 599 3115 noctibus
627 3051 720 3115 circa
742 3068 867 3131 corpus
890 3049 965 3132 ejus
987 3050 1064 3112 dili·

120 3158 242 3233 gentes
264 3151 429 3214 excubias
452 3151 662 3229 celebraret3
691 3155 790 3212 erant
812 3149 902 3212 enim
926 3148 1063 3230 quidam

120 3272 164 3315 ex
177 3251 334 3314 hostibus
349 3251 566 3332 imperatoris
580 3249 653 3331 regi
667 3249 876 3312 Francorum
892 3249 1065 3312 comoede-

120 3353 200 3428 rati,
223 3358 263 3414 ut
279 3350 468 3426 dicebatur,
492 3349 552 3432 qui
576 3349 826 3430 imperatricem
849 3368 970 3430 rapere
991 3368 1065 3412 mo-

120 3450 304 3525 liebantur,
327 3457 367 3513 ut
387 3448 642 3513 matrimonium
666 3448 882 3530 impedirent.
925 3448 1065 3530 'Occur-

121 3557 204 3614 runt
223 3549 327 3613 etiam
351 3549 545 3631 presbyteri
570 3567 687 3612 omnes
707 3555 742 3612 et
756 3547 871 3612 clerici
893 3567 939 3610 ex
955 3548 1067 3628 regio·

122 3650 222 3713 nibus
235 3649 488 3731 circumpositis
505 3667 581 3712 cum
594 3647 812 3730 processione
826 3647 961 3710 solenni
976 3666 1068 3710 cam-

151 3840 166 3884 '¹
179 3850 288 3911 Narra]
314 3853 387 3900 From
405 3850 447 3900 the
464 3851 535 3900 writs
557 3851 583 3897 in
607 3863 661 3898 was
680 3848 799 3897 intended
817 3853 843 3896 to
861 3847 926 3897 have
946 3849 1009 3897 been
1025 3847 1067 3896 the

122 3924 217 3985 Rymer
227 3927 253 3972 to
264 3923 306 3971 the
322 3921 411 3971 sheriff
423 3921 473 3969 and
490 3920 583 3969 bailiffs
608 3923 664 3980 port
671 3925 698 3967 at
706 3918 790 3967 which
802 3918 846 3967 ohe
856 3918 946 3968 should
955 3918 1069 3979 embark,

121 3993 200 4042 oithe
220 4007 276 4042 sea·
278 3997 347 4054 ports
364 3991 393 4039 of
408 3991 516 4039 Norfolk
532 3990 583 4038 end
607 3988 657 4037 und
672 3989 715 4038 the
729 3989 772 4037 oth
791 3988 820 4037 of
832 3987 908 4050 April
919 3988 973 4055 (die
988 3989 1069 4036 Lunae

122 4063 232 4124 Suffolk,
242 4068 268 4111 to
279 4076 386 4125 prepare
397 4065 440 4110 ten
457 4060 528 4122 ships
545 4059 614 4108 for
607 4074 633 4107 m
645 4060 754 4108 crastino
765 4059 883 4108 instantis
894 4057 1020 4140 Paschae)
1027 4058 1069 4106 the

122 4133 165 4181 the
185 4147 293 4195 passage
312 4132 341 4181 of
358 4132 400 4180 the
422 4145 542 4191 cmpress,
563 4131 583 4177 it
607 4129 659 4191 day
670 4129 737 4178 srxed
749 4129 787 4178 for
797 4129 839 4178 the
850 4129 1020 4191 departure
1013 4144 1031 4177 ι.
1043 4142 1069 4189 p

122 4217 230 4264 appears
241 4201 437 4265 thatorwell,
429 4216 455 4249 m
475 4201 584 4263 Suffolk,
607 4203 671 4271 225.Ι
