2864 4866
365 410 409 474 98
618 428 752 476 aocnru
776 427 822 473 nn
847 424 1053 474 wnuoovnu

208 596 329 638 alt-12²4·
367 584 441 666 regi
457 582 678 648 ostenderant
694 583 729 645 in
748 581 924 646 obsidione
939 581 1014 665 jam
1030 580 1140 657 finita,
1160 600 1229 645 nou
1250 600 1313 662 po-

368 691 509 749 tuerunt
534 682 802 747 misericordiam
835 683 1034 765 impetrare,
1061 681 1201 764 [viginti
1227 701 1314 764 qua-

369 785 477 866 tuor.]
547 783 721 848 Henricus
752 803 835 848 vero
872 783 915 847 dc
946 782 1113 847 Braibroc
1142 801 1250 846 sanus
1280 788 1316 846 et

368 885 550 949 incolumis
583 884 627 948 ad
665 903 781 965 regem
811 884 951 947 veniens
987 883 1114 947 multas
1142 883 1174 946 ei
1207 881 1317 964 grati·

369 1004 467 1050 arum
500 985 618 1048 retulit
645 985 809 1048 actiones.
885 983 1065 1047 Falcasius
1096 990 1224 1060 antem,
1254 1002 1316 1065 spe

369 1085 457 1149 falsa
483 1085 659 1160 seductus
689 1084 833 1148 credidit
861 1103 945 1148 suos
972 1103 1034 1166 per
1064 1102 1191 1147 annum
1226 1084 1316 1147 inte-

369 1206 468 1268 grum
491 1185 671 1248 castellnm
694 1203 796 1267 posse
813 1204 834 1247 a
850 1185 1009 1267 captione
1031 1183 1232 1262 defendere;
1256 1183 1317 1247 sed

369 1286 521 1362 tandem,
549 1305 626 1348 cum
654 1283 779 1349 fratres
811 1303 892 1348 suos
924 1294 959 1348 et
981 1284 1068 1348 alios
1098 1304 1216 1348 omnes
1241 1303 1317 1347 sus-

369 1406 494 1469 pensos
517 1394 612 1449 certa
632 1384 800 1449 relatione
813 1385 1045 1465 cognovisset,
1062 1386 1125 1449 sub
1143 1384 1317 1448 conductu

369 1484 574 1564 Alexandri,
590 1484 835 1550 coventrensis
853 1485 1017 1567 episcopi,
1035 1485 1126 1568 apud
1144 1484 1315 1549 Bedesord

370 1587 466 1650 venit
492 1585 535 1650 ad
565 1605 680 1667 regem
711 1592 746 1649 et
770 1604 932 1650 corruens
967 1578 975 1616 ¹
983 1605 1112 1668 pronus
1143 1585 1187 1648 ad
1213 1585 1317 1668 pedes

370 1686 445 1770 ejus
468 1685 671 1769 postulavit,
696 1693 867 1768 qnatenus
893 1705 955 1768 pro
980 1687 1115 1768 magnis
1142 1687 1316 1769 obsequiis

370 1789 442 1850 suis
469 1794 504 1851 et
527 1787 702 1851 laboribus
732 1786 943 1869 sumptuosis
970 1786 1034 1850 sibi
1062 1805 1102 1850 ac
1131 1788 1223 1869 patri
1252 1807 1316 1851 suo

369 1895 523 1970 tempore
551 1886 753 1952 hostilitatis
777 1887 941 1969 impensis
966 1887 1232 1951 misericordiam
1257 1888 1318 1951 ad-

369 1987 512 2052 hiberet.
586 1987 686 2052 Tune
718 2007 781 2051 rex
810 2007 872 2069 per
898 1987 1079 2051 consilium
1106 1988 1248 2053 tradidit
1274 1989 1316 2053 il·

368 2088 452 2166 lum,
480 2087 643 2165 castellis,
668 2088 768 2152 terris
799 2106 840 2150 ac
869 2089 970 2153 rebus
1000 2089 1158 2153 omnibus
1189 2089 1316 2172 spolia-

368 2196 454 2266 tum,
479 2190 544 2253 sub
575 2189 740 2252 custodia·
765 2187 957 2265 Eustachii,
992 2188 1219 2266 Londinensis
1245 2191 1316 2273 epi-

368 2289 477 2371 scopi,
497 2289 605 2354 donec
628 2288 711 2371 quid
733 2287 776 2352 de
800 2289 861 2352 illo
887 2297 1005 2371 ageret
1021 2297 1112 2354 esset
1131 2292 1316 2356 sententia·

368 2389 448 2452 liter
476 2389 677 2469 definitum3
710 2396 746 2453 et
767 2389 817 2453 sic
842 2390 943 2472 quasi
964 2390 1001 2454 in
1028 2398 1201 2455 momento
1224 2391 1314 2456 idem

369 2488 548 2553 Falcasius
565 2489 608 2552 de
624 2490 793 2554 ditissimo
810 2491 1048 2572 pauperrimus
1061 2491 1214 2568 effectae,
1230 2493 1315 2556 mul-

367 2589 413 2651 tis
436 2596 470 2652 et
492 2591 644 2653 maxime
670 2591 872 2654 nocentibus
897 2592 1025 2673 poterit
1045 2591 1119 2656 fieri
1140 2593 1176 2654 in
1198 2610 1316 2656 exem-

366 2688 474 2771 plum.
519 2689 574 2754 De
589 2690 654 2755 hoe
670 2710 753 2754 vero
768 2710 851 2755 casu
867 2690 1014 2756 fortunae
1028 2693 1167 2774 quidam
1185 2693 1235 2756 sic
1253 2694 1315 2771 ait,

449 2827 458 2854 ‘
472 2822 599 2880 Perdidit
611 2825 640 2880 in
654 2843 752 2881 mense
773 2859 781 2875 ·
797 2825 882 2882 Falco
896 2833 954 2883 tam
967 2826 1094 2884 fervidus
1108 2847 1184 2896 ense,

472 2919 577 2978 Omine
590 2921 642 2978 sub
657 2941 735 2978 saevo
758 2955 765 2971 ·
783 2921 916 2998 quicquid
930 2924 1060 2999 quaesIvit
1072 2924 1108 2982 ab
1122 2923 1204 2983 aevo.’
1302 2955 1304 2959 >

367 3046 468 3113 Uxor
490 3067 628 3132 quoque
654 3046 832 3133 saepedicti
854 3044 1025 3116 ²Falcasii
1052 3056 1253 3137 conspectui
1276 3077 1313 3122 se

365 3149 457 3228 regis
487 3157 523 3214 et
545 3145 793 3234 archiepiscopi
819 3159 1071 3233 repraesentans
1098 3154 1189 3218 dixit
1214 3175 1252 3221 se
1277 3158 1312 3222 in

365 3266 442 3310 eum
457 3269 631 3333 nunquam
645 3251 872 3328 consensisse,
885 3258 925 3315 nt
937 3252 985 3315 illi
1001 3253 1219 3321 matrimonio
1231 3258 1313 3342 jun·

364 3356 524 3429 geretur;
543 3350 645 3427 unde,
664 3370 740 3414 cum
759 3358 912 3434 tempore
927 3352 1129 3418 hostilitatis
1147 3357 1314 3423 violenter

363 3454 467 3530 capta
481 3457 571 3514 esset
587 3457 622 3514 et
636 3451 765 3534 absque
781 3471 948 3516 consensu
964 3452 1185 3536 desponsata,
1200 3457 1312 3523 divor·

364 3546 450 3610 tium
467 3548 541 3612 fieri
564 3550 765 3632 postulavit.
819 3551 918 3616 Tunc
941 3553 1218 3639 archiepiscopus
1238 3567 1311 3623 sta·

363 3646 429 3710 tuit
449 3647 501 3710 illi
523 3641 625 3727 diem,
649 3657 687 3714 ut
704 3651 841 3714 interim
865 3652 1147 3720 deliberationem
1169 3656 1312 3727 haberet

362 3745 445 3827 quid
461 3766 564 3829 agere
578 3749 751 3815 debuisset
763 3772 772 3831 ;
796 3771 858 3815 rex
872 3773 954 3817 vero
972 3757 1141 3820 concessit
1155 3757 1187 3820 ei
1201 3764 1312 3825 terras

361 3864 479 3910 omnes
507 3856 542 3913 et
564 3851 798 3932 possessiones
824 3872 906 3916 suas
928 3873 989 3935 per
1011 3863 1120 3919 totam
1140 3855 1309 3940 ,Angliam

395 4019 514 4075 'Pronus
533 4029 565 4076 od
581 4030 654 4091 pedes
672 4025 747 4099 eiua]
765 4031 818 4080 The
844 4047 906 4093 mer,
923 4034 941 4084 i.
959 4051 985 4097 p.
1004 4038 1050 4084 1⁷⁵
1060 4049 1069 4096 ς
1092 4037 1152 4086 itis
1170 4038 1248 4088 dated
1265 4040 1309 4092 the

358 4093 457 4144 charter
473 4096 508 4157 by
519 4098 603 4148 which
621 4100 652 4148 he
669 4102 767 4163 resigna
784 4102 818 4151 ell
843 4103 904 4151 anth
920 4105 1032 4168 August.

357 4163 398 4213 his
419 4180 508 4228 money
529 4169 580 4218 and
601 4170 672 4220 other
699 4177 817 4235 property
879 4170 1014 4226 ”Falcula
1042 4177 1310 4240 ‘Margaretascilicet

357 4234 409 4283 into
426 4235 468 4284 the
486 4234 569 4300 king's
591 4239 672 4290 hands
689 4242 711 4290 is
728 4243 754 4291 in
766 4243 818 4304 Ry·
844 4243 877 4293 de
890 4244 1018 4308 Ripariis;
1047 4247 1131 4298 Paris.
1204 4295 1208 4300 .
