2864 4866
356 407 425 472 912.
612 421 745 471 nocant
770 421 817 467 na
840 417 1047 468 wuunovaa

385 656 529 731 Qualiter
543 676 597 719 rea
611 655 798 741 Apulorum,
814 654 923 719 inuitis
940 651 1115 731 baronibus,
1131 652 1287 717 minian

568 756 693 821 castelle
710 756 745 835 in
760 777 833 820 urus
849 777 917 820 suos
932 762 1094 840 receperat.

194 899 264 989 gip}
262 900 319 1000 ¹15²:
409 881 512 946 Anno
530 882 671 947 Domini
689 899 871 947 mccxxw.
895 902 958 945 rex
984 881 1159 944 Henrious
1173 878 1216 942 ad
1235 876 1311 940 Na-

195 1001 332 1090 pfflsngr
359 982 428 1046 tale
458 983 569 1068 tenuit
600 983 729 1048 curiam
758 1002 856 1048 suam
879 981 971 1065 apud
995 981 1309 1062 Norhamptonam,

195 1101 329 1162 anacreon
358 1090 528 1165 praesente
560 1083 817 1166 archiepiscopo
850 1081 1094 1147 Cantuarieusi
1128 1100 1206 1144 cum
1236 1079 1309 1142 suis

196 1152 282 1242 ‘iiiiii
358 1183 583 1265 suffraganeis
606 1191 641 1247 et
656 1184 779 1247 militia
793 1203 922 1265 magna
938 1183 1040 1247 nimis
1055 1202 1064 1262 ;
1097 1200 1210 1244 comes
1228 1198 1309 1243 vero

360 1281 553 1347 Cestrensis
584 1304 661 1348 cum
696 1285 767 1347 suis
797 1274 1091 1366 conspiratoribus
1114 1280 1206 1364 apud
1231 1279 1308 1342 Lei⁴

358 1384 519 1447 cestriam
547 1385 659 1448 tenuit
682 1384 807 1448 festum
835 1403 945 1462 suum,
969 1391 1106 1448 tumens
1133 1389 1169 1446 et
1196 1381 1308 1443 minas

359 1491 480 1547 contra
497 1503 611 1566 regem
629 1491 664 1549 et
681 1478 690 1515 ¹
693 1484 925 1568 justiciarium
945 1483 1126 1548 intendens
1148 1501 1211 1564 pro
1229 1500 1308 1544 cus-

359 1584 462 1647 todiis
482 1592 673 1649 castrorum
692 1603 733 1648 ac
749 1593 930 1662 terrarum,
949 1603 1036 1667 quas
1057 1583 1147 1647 idem
1167 1602 1229 1644 rex
1246 1601 1308 1644 ex-

359 1685 478 1766 igebat
500 1686 543 1748 ab
568 1686 640 1750 illo.
687 1684 731 1748 In
758 1686 911 1750 crastino
938 1691 1054 1749 autem
1080 1690 1161 1766 post
1186 1683 1336 1746 missa-²

358 1805 434 1848 rum
460 1786 627 1850 solemnia
652 1786 930 1869 archiepiscopus
949 1783 1208 1850 Cantuariensis
1228 1802 1307 1845 cum
1338 1798 1341 1802 ⁴

357 1887 431 1950 suis
452 1886 679 1969 suffraganeis
702 1887 885 1969 episcopis
908 1886 996 1949 albis
1018 1884 1131 1950 induti
1153 1884 1308 1948 vestibus

358 1994 393 2051 et
417 1987 569 2051 candelis
591 1988 757 2064 accensiS,
780 1987 1165 2050 excommunicaverunt
1187 2003 1308 2047 omnes

358 2088 449 2168 regis
472 2095 507 2152 et
533 2089 630 2169 regni
649 2088 907 2170 perturbatores
933 2095 968 2151 et
993 2093 1122 2150 sanctae
1152 2084 1307 2148 ecclesiae

357 2194 393 2250 et
428 2208 541 2251 rerum
583 2188 894 2252 ecclesiasticarum
939 2188 1143 2265 invasores;
1181 2185 1306 2249 deinde

357 2286 447 2350 idem
463 2287 741 2372 archiepiscopus
757 2289 849 2352 misit
867 2288 1025 2352 solennes
1048 2285 1188 2351 nuntios
1213 2285 1307 2368 apud

358 2386 581 2453 Leicestriam
612 2389 655 2452 ad
684 2389 843 2452 comitem
872 2387 1016 2452 Cestriae
1040 2395 1075 2452 et
1099 2407 1181 2450 suos
1216 2406 1307 2450 com-

356 2488 475 2570 plices,
498 2481 640 2553 firmiter
667 2490 874 2553 denuntians
902 2488 1048 2570 singulis
1071 2495 1106 2552 et
1123 2488 1308 2566 universis,

356 2587 461 2670 quod,
478 2589 544 2652 nisi
565 2590 600 2652 in
616 2591 768 2654 crastino
784 2591 1000 2671 resignarent
1015 2589 1049 2651 in
1070 2607 1192 2651 manus
1213 2587 1306 2669 regis

356 2690 472 2752 omnia
488 2691 631 2754 castella
647 2698 681 2754 et
695 2691 842 2754 honores
858 2690 901 2753 ad
919 2708 1080 2753 coronam
1095 2695 1307 2770 spectantes,

355 2788 429 2870 ipse
456 2798 491 2853 et
516 2811 633 2854 omnes
664 2791 816 2873 episcopi
842 2790 1042 2853 nominatim
1071 2789 1307 2852 excommuni-

355 2897 474 2953 carent
496 2890 586 2968 illos,
610 2893 700 2955 sieut
722 2891 850 2954 eisdem
873 2911 895 2954 a
917 2890 1055 2954 domino
1078 2909 1170 2972 papa
1192 2889 1308 2971 fuerat

355 2988 610 3055 demandatum.
642 2993 741 3055 Tunc
753 3011 866 3055 comes
877 2990 1070 3055 Cestrensis
1083 2997 1118 3054 et
1128 2989 1204 3073 ejus
1214 3009 1305 3054 com-

354 3089 473 3171 plices,
491 3112 569 3156 cum
592 3112 653 3174 per
669 3092 908 3175 exploratores
923 3091 1036 3155 edocti
1048 3090 1196 3155 fuissent
1213 3089 1306 3172 quod

356 3209 418 3252 rex
442 3192 609 3276 majorem
629 3212 732 3276 quam
755 3193 822 3275 ipsi
847 3192 968 3256 hahuit
989 3210 1167 3254 numerum
1190 3210 1304 3255 arma·

357 3296 483 3370 torum,
508 3294 720 3357 consternati
745 3300 827 3356 sunt
847 3292 961 3370 valde,
985 3293 1078 3374 quia,
1103 3291 1133 3355 si
1155 3291 1305 3355 facultas

356 3390 406 3453 eis
418 3401 636 3476 suppeteret,
653 3395 688 3457 in
704 3413 819 3475 regem
834 3401 976 3476 propter
989 3392 1224 3476 justiciarium
1242 3411 1305 3474 po·

355 3497 470 3556 tenter
491 3514 588 3557 arma
606 3502 804 3573 moverent3
829 3494 901 3571 sed,
924 3513 999 3556 cum
1023 3493 1199 3577 proprium
1222 3512 1304 3556 con·

353 3594 553 3674 spexissent
577 3593 761 3671 desectum,
786 3595 993 3658 verebantur
1022 3594 1163 3657 dubium
1194 3601 1304 3658 certa·

351 3711 431 3754 men
456 3693 554 3772 inire,
576 3701 611 3758 et
625 3701 793 3776 praeterea
806 3695 994 3759 timuerunt
1008 3694 1303 3777 archiepiscopum

353 3799 390 3856 ot
407 3793 598 3876 episcopos
617 3795 763 3860 neforto
783 3795 862 3858 illos
882 3796 1221 3859 excommunicarent
1236 3795 1304 3858 nisi

352 3893 558 3960 desisterent
582 3897 626 3960 ab
651 3897 838 3979 incoeptis;
876 3897 968 3960 unde
997 3896 1222 3960 saluberrimo
1248 3893 1303 3958 usi

390 4127 602 4199 'tetrartum
620 4133 713 4182 Whose
725 4137 815 4182 strata·
840 4137 884 4181 out
905 4133 935 4181 os
949 4133 1015 4180 their
1032 4132 1122 4194 hands,
1140 4136 1165 4180 to
1184 4133 1304 4184 diminish

353 4215 409 4262 gem
421 4202 442 4250 it
453 4217 520 4266 was,
528 4204 562 4264 by
573 4203 663 4266 taking
673 4204 715 4253 the
723 4205 816 4254 eastles
841 4204 907 4252 their
914 4218 1013 4266 powe13
1025 4201 1303 4266 Raudecoggeshale.
