2864 4866
394 421 534 470 neonus
558 423 829 472 n1sronmaun.
1039 409 1082 472 19

132 579 255 642 lelmus
282 579 373 644 filius
400 583 488 667 ejus,
516 584 643 648 Petrus
669 584 921 649 Wintoniensis
948 584 1147 667 eptae-ev·
1161 593 1217 634 ¹²¹⁷·

130 699 196 761 pus
218 680 255 743 in
277 701 381 764 opcre
406 683 531 748 martio
560 684 727 763 eruditus,
750 705 864 749 comes
887 682 1080 749 cestrensis

132 779 352 864 Ranulphus,
375 803 489 847 comes
516 785 777 849 saresbiriensis
796 784 1005 861 Willelmus,
1023 804 1081 849 co·

132 899 205 944 mes
225 880 267 944 de
289 883 458 947 Ferrariis
474 884 682 963 willelmus,
706 904 820 949 comes
840 884 1079 949 Albemarlen·

130 981 178 1043 sis
198 981 421 1064 Willelmus3
445 985 628 1050 adfuerunt
649 993 685 1050 et
707 986 865 1063 baroneS,
883 985 1079 1051 Willelmus

131 1081 262 1146 scilicet
298 1082 341 1146 de
379 1082 561 1163 Albeneio,
598 1084 777 1150 Johannes
814 1085 1079 1169 Mareschallus,

130 1180 329 1246 Willelmus
353 1183 396 1247 de
419 1183 565 1250 Cantelo
588 1193 624 1251 ct
645 1171 842 1251 Willelmus
870 1186 961 1249 filius
991 1185 1080 1268 ejus,

133 1280 314 1347 Falcasius
336 1284 373 1347 in
395 1304 498 1367 opere
520 1285 581 1350 illo
602 1286 798 1363 laudabilis,
814 1286 967 1350 Thomas
990 1286 1079 1349 Bas-

132 1389 197 1458 set,
222 1382 397 1460 Robertus
422 1386 465 1450 de
483 1374 739 1469 Veteri-ponte,
762 1386 935 1450 Briennus
958 1386 1001 1448 de
1021 1384 1080 1448 In-

132 1481 221 1560 sula,
240 1482 430 1549 Gaufridus
452 1485 495 1550 de
512 1485 611 1564 Luci,
634 1485 816 1569 Philippus
838 1486 881 1551 de
897 1484 1079 1562 Albeneio,

132 1601 210 1645 cum
230 1584 429 1648 castellanis
451 1586 569 1651 multis
584 1586 620 1650 in
636 1606 738 1670 opere
754 1586 894 1650 militari
913 1587 1078 1669 expertis.

134 1680 185 1746 Hi
218 1691 346 1762 autem,
380 1685 473 1768 apud
508 1686 543 1751 N
546 1706 655 1752 ewerc
685 1686 882 1751 triduanam
913 1686 1079 1750 facientes

133 1801 265 1848 moram
292 1783 336 1847 ad
361 1787 623 1868 respirationem
645 1787 820 1852 hominum
842 1794 879 1850 et
901 1805 1079 1869 equorum,

133 1882 341 1948 confessioni
372 1885 509 1951 interim
542 1888 726 1965 vacabant,
758 1887 912 1970 corporis
940 1893 976 1950 et
998 1905 1080 1949 san-

132 1984 247 2064 guinis
272 1984 448 2050 Dominici
471 1987 691 2070 perceptione
712 2006 777 2051 sua
799 2005 945 2069 corpora
969 1986 1080 2049 muni-

133 2085 250 2162 ebant,
286 2094 409 2151 contra
444 2087 596 2152 hostium
640 2088 851 2152 incursiones
891 2085 1080 2150 Dominum

131 2192 358 2267 protectorem
388 2186 515 2252 habere
540 2194 755 2270 quaerentes3
786 2187 906 2270 sicque
927 2186 1081 2249 universi

132 2286 175 2349 ad
206 2287 322 2350 omnia
347 2289 528 2370 provocati
557 2308 621 2371 pro
646 2287 786 2372 justitia
811 2287 899 2351 mori
922 2286 978 2352 vel
1004 2287 1080 2350 vin·

131 2405 208 2450 cere
230 2385 448 2452 affectabant

155 2559 308 2640 Qualiter,
321 2561 455 2625 auertite
470 2560 550 2649 rapis
563 2567 752 2645 concrepate,
768 2558 884 2644 tapetas
902 2577 1000 2622 aranas
1015 2556 1061 2629 od

423 2681 566 2748 papatem
580 2660 778 2725 dedecoraret.

181 2784 336 2850 Tandem
353 2785 390 2848 in
406 2785 621 2850 hebdomada
644 2784 882 2859 Pentecostes,
899 2781 985 2845 seria
998 2799 1079 2845 sex·
1091 2800 1242 2842 Marobottne

132 2893 181 2963 ta,
194 2893 274 2969 post
284 2886 480 2952 divinorum
495 2886 759 2950 celebrationem
771 2879 1079 2959 sacramentorum,

131 3004 278 3068 surgens
293 2986 431 3068 legatus
446 2986 667 3069 saepedictus
682 2984 834 3049 ostendit
845 3002 961 3046 coram
971 2983 1081 3046 omni-

132 3087 197 3151 bus
213 3106 318 3169 quam
333 3087 454 3171 iniqua
472 3094 548 3152 erat
565 3085 741 3151 Lodowici
760 3103 802 3147 ac
821 3084 1003 3159 baronum,
1020 3083 1080 3164 qni

131 3187 164 3250 ei
178 3185 407 3266 adhaeserant,
424 3207 542 3265 causa,
558 3206 622 3269 pro
641 3204 711 3267 qua
730 3183 867 3247 fuerant
881 3201 1079 3246 excommu-

132 3287 239 3350 nicati
254 3294 290 3351 et
305 3287 349 3351 ab
363 3289 497 3353 unitate
513 3287 667 3352 ecclesiae
684 3284 878 3366 segregati3
902 3287 950 3360 et,
964 3289 1004 3346 ut
1020 3281 1080 3346 de·

132 3388 237 3470 nique
253 3389 444 3453 exercitum
457 3387 555 3451 illum
572 3388 741 3452 animaret
755 3384 799 3448 ad
813 3401 978 3466 pugnam,
991 3381 1080 3446 albis

132 3487 274 3551 indutus
290 3489 445 3552 vestibus
465 3507 543 3553 cum
564 3488 656 3551 clero
674 3485 835 3549 universo
856 3481 1079 3547 Lodowicum

21 3634 50 3654 .ψ
133 3588 336 3652 nominatim
362 3587 675 3652 excommunicavit
696 3605 775 3649 cum
797 3582 1021 3666 complicibus
1044 3590 1080 3647 et

132 3688 324 3752 fautoribus
357 3688 441 3766 suis,
478 3695 514 3751 et
544 3687 716 3770 praecipue
749 3702 867 3749 omnes
898 3682 989 3760 illos,
1018 3683 1079 3766 qui

133 3787 225 3871 apud
249 3787 465 3852 Lincolniam
487 3795 609 3851 contra
631 3805 747 3868 regem
769 3781 909 3866 Angliae
931 3780 1078 3847 obsidio·

132 3909 209 3953 nem
242 3889 404 3974 agebant,
430 3908 509 3952 cum
532 3895 609 3952 tota
630 3886 782 3962 civitate,
811 3883 992 3947 continens
1013 3882 1080 3946 sci-

132 3989 214 4054 licet
236 3995 272 4053 et
293 3995 506 4053 contentum.
564 3988 624 4051 Eis
652 3992 779 4061 autem,
811 3984 871 4066 qui
901 3983 1079 4064 negotium

133 4089 199 4154 hoc
224 4089 433 4172 inpropriis
457 4089 613 4171 personis
641 4084 893 4168 expediendum
922 4101 1081 4165 suscepe-

133 4195 225 4267 runt,
247 4187 290 4253 de
308 4208 472 4254 concessa
494 4189 559 4253 sibi
580 4192 754 4270 potestate
778 4185 822 4248 ab
845 4183 1080 4266 omnipotente

933 4306 975 4349 οἳ

1091 2851 1161 2904 ktng'r
1174 2861 1240 2900 anun
1345 2877 1348 2881 -
