2864 4866
444 394 583 444 rnonns
606 396 878 447 nrsroamaou.
1072 386 1138 452 265

186 572 367 618 saurorum
388 555 493 618 etiam
521 573 663 618 suorum
691 575 754 619 rex
782 554 832 619 eis
854 555 1029 620 custodias
1047 577 1135 635 ,cum
1149 578 1273 619 nonna

186 654 320 735 legibus
338 655 460 738 patriis
476 662 512 719 et
523 654 664 738 judiciis
681 655 865 719 commisit.
903 654 996 733 Quid
1015 657 1135 739 plural

187 753 210 817 J
214 754 327 819 udicia
355 755 616 819 committuntur
641 754 793 838 injustis,
825 755 920 836 leges
943 755 1136 838 exlegibus,

186 874 258 936 pax
287 855 576 930 discordantibus,
606 854 747 938 justitia
773 854 968 938 injuriosis;
994 863 1030 920 et
1057 876 1135 921 cum

188 955 320 1018 nobiles
336 954 379 1017 de
395 974 501 1036 regno
523 954 567 1018 de
585 955 864 1036 oppressionibus
887 955 953 1019 sibi
973 955 1136 1037 irrogatis

186 1072 303 1118 coram
330 1074 413 1136 rege
442 1055 691 1136 querimoniam
718 1054 941 1136 deponerent,
973 1056 1135 1140 episcopo

186 1153 395 1236 impediente
419 1153 598 1237 praedicto,
626 1172 696 1216 non
721 1153 787 1217 fuit
812 1154 872 1236 qui
895 1154 944 1217 eis
961 1144 1136 1238 justitiam

185 1252 374 1318 exhiberet.
431 1253 624 1336 Episcopos
657 1253 761 1316 etiam
798 1252 966 1335 quosdam
996 1253 1136 1338 Angliae

184 1352 275 1416 idem
298 1354 480 1436 episcopus
499 1354 550 1417 ita
568 1351 661 1435 apud
683 1372 798 1434 regem
821 1355 1020 1433 accusabat,
1043 1357 1135 1439 quod

186 1452 324 1516 eosdem
342 1453 443 1536 quasi
458 1452 575 1516 hostes
591 1452 748 1536 publicos
765 1451 944 1517 devitaret.

348 1626 439 1702 Quod
450 1625 662 1692 Moraseallas
675 1647 773 1713 rapam
787 1627 972 1712 increpavit.

240 1750 394 1834 Cumque
408 1751 463 1815 his
481 1759 516 1816 et
533 1751 768 1816 consimilibus
784 1752 920 1836 injuriis
938 1752 1135 1820 Richardus
1147 1768 1194 1809 The
1204 1768 1248 1809 0⁸1¹

186 1854 327 1928 comes,
346 1852 444 1933 regni
473 1852 714 1929 MarescalluS,
737 1852 870 1917 videret
898 1860 970 1916 tam
1003 1855 1134 1920 nobiles
1147 1819 1285 1911 ssffillltll·

187 1970 292 2033 quam
313 1950 482 2032 ignobiles
508 1952 701 2034 opprimere
718 1957 754 2015 et
771 1951 853 2035 jura
877 1953 976 2034 regni
997 1955 1134 2036 penitus

186 2051 353 2133 deperire,
366 2051 440 2114 zelo
450 2050 598 2133 justitiae
613 2058 834 2134 provocatus,
852 2044 1051 2117 ¹associatis
1069 2055 1135 2118 sibi

186 2150 391 2231 quibusdam
415 2151 648 2230 magnatibus,
675 2150 719 2215 ad
744 2171 861 2232 regem
884 2152 1050 2216 audacter
1076 2172 1134 2219 ac-

186 2251 303 2328 cessit,
325 2251 508 2333 increpans
531 2270 621 2328 eum,
641 2249 859 2315 audientibus
885 2251 1016 2330 multis,
1041 2253 1134 2336 quod

185 2368 248 2430 per
284 2368 429 2432 pravum
465 2351 645 2414 consilium
681 2350 912 2416 advocaverat
948 2358 1134 2424 extraneos

188 2447 435 2525 Pictaveusesr
447 2449 483 2512 in
501 2450 758 2532 oppressionem
779 2451 877 2532 regni
899 2458 935 2515 et
957 2451 1134 2517 hominum

86 2564 88 2568 ’
185 2567 326 2612 suorum
351 2549 394 2613 de
418 2549 770 2630 regnonaturalium,
796 2549 912 2632 legum
941 2552 1071 2633 pariter
1092 2571 1133 2616 ac

185 2647 412 2728 libertatum3
446 2648 536 2712 unde
562 2668 678 2731 regem
706 2648 881 2714 humiliter
911 2652 1069 2732 rogabat,
1094 2659 1134 2716 ut

187 2747 275 2812 tales
297 2766 461 2812 excessus
484 2748 656 2830 corrigere
670 2748 860 2825 festinaret,
884 2768 946 2831 per
967 2770 1055 2832 quos
1074 2770 1133 2814 co-

185 2866 281 2911 ronae
312 2867 384 2912 suae
416 2855 452 2912 et
484 2848 583 2928 regni
614 2848 668 2910 sui
700 2848 878 2912 subversio
910 2849 1131 2932 imminebat3

186 2944 380 3012 affirmabat
406 2946 559 3029 insuper,
585 2946 690 3028 quod,
715 2947 746 3009 si
768 2946 834 3011 boc
860 2948 1042 3012 emendare
1068 2950 1134 3012 dif-

185 3045 331 3128 fugeret,
353 3047 428 3129 ipse
450 3053 485 3110 et
507 3047 623 3111 caeteri
645 3046 689 3110 de
710 3065 817 3127 regno
840 3055 1021 3128 magnates
1045 3055 1134 3113 tam-

185 3145 245 3209 diu
270 3166 308 3210 so
335 3147 380 3209 ab
400 3146 510 3229 ipsius
532 3145 675 3209 consilio
694 3145 948 3224 subtraherent,
969 3148 1134 3229 quamdiu

185 3245 454 3328 alienigenarum
474 3233 649 3309 consortio
667 3245 848 3310 frueretur.
900 3244 957 3309 Ad
974 3246 1049 3310 haec
1073 3266 1134 3310 au-

186 3351 256 3408 tem
279 3345 489 3427 respondens
513 3344 650 3423 PetruS,
667 3344 918 3412 Wintoniensis
939 3345 1133 3429 episcopus,

186 3443 287 3522 dixit,
317 3444 410 3527 quod
436 3445 523 3508 bene
552 3444 650 3508 licuit
679 3443 817 3508 domino
843 3444 918 3526 regi
949 3453 1134 3510 extraneos

126 3593 128 3598 .
186 3563 421 3626 quoscumque
444 3544 551 3609 vellet
567 3561 692 3608 vocare
713 3542 757 3606 ad
784 3542 1015 3608 defensionem
1037 3546 1135 3628 regni

150 3709 154 3715 ,
186 3645 241 3707 sui
264 3651 300 3708 et
317 3663 466 3721 coronae,
492 3651 528 3708 et
547 3644 650 3707 ctiam
671 3649 725 3707 tot
744 3649 778 3707 et
792 3644 892 3721 taleS,
910 3646 971 3727 qui
994 3653 1135 3728 possent

187 3742 343 3807 homines
374 3743 450 3827 ejus
478 3744 643 3826 superbos
671 3749 706 3806 et
736 3743 880 3807 rebelles
908 3744 953 3807 ad
982 3745 1135 3808 debitum

186 3843 391 3926 compellere
409 3843 625 3907 famulatum.
692 3841 816 3906 Comes
840 3862 923 3906 vero
947 3843 1134 3909 Marescal·

220 4027 371 4096 inrorato
377 4046 649 4109 sibipaibasdommog·
673 4060 733 4095 nens
744 4047 894 4108 discrimini,
912 4060 939 4096 se
955 4062 1055 4095 murum
1071 4047 1136 4094 inter

186 4117 306 4180 notibus]
328 4117 381 4166 ‘Ut
398 4130 486 4177 paoem
504 4120 529 4164 et
547 4130 649 4164 coneor-
672 4116 801 4164 dominum
816 4130 901 4177 regern
912 4121 938 4165 et
948 4121 1078 4178 magnates
1091 4131 1136 4177 op·

187 4188 255 4239 diam
266 4187 420 4251 reformaret,
431 4200 459 4238 se
474 4186 559 4247 ipsum
570 4200 648 4247 expo·
672 4186 757 4246 posuit
764 4181 780 4247 ;‘
797 4186 890 4236 Annal.
900 4186 1010 4237 Waverl.
1020 4202 1048 4248 p.
1056 4190 1113 4236 195.
