2864 4866
339 400 383 464 20
596 413 729 460 noonnr
754 413 800 461 nn
826 412 1031 461 wnnoovnn

181 592 303 638 annm.
342 574 419 638 Deo
442 579 477 637 et
500 571 581 636 sede
608 570 800 654 apostolica
826 571 964 654 plenam
988 588 1129 635 suorum
1156 567 1293 633 veniam

343 680 574 758 pcccatorum,
609 672 651 735 de
684 672 808 754 quibus
838 671 1007 735 veraciter
1038 669 1188 734 confessi
1218 669 1294 732 sue-

344 783 437 851 runt,
459 772 616 836 indulsit,
631 778 665 835 et
693 772 729 834 in
756 772 981 835 retributione
1002 771 1178 854 justorum
1200 770 1296 833 salu·

346 875 391 938 tis
414 883 553 937 aeternae
576 871 718 954 praemia
733 872 939 954 repromisit.
993 870 1139 947 Deinde,
1168 869 1297 934 collata

347 975 506 1038 omnibus
541 972 758 1036 absolutione
796 980 831 1036 et
866 971 933 1034 Dei
969 971 1217 1051 benedictione,
1248 970 1295 1034 ad

348 1093 445 1140 arma
465 1072 693 1138 convolarunt
711 1071 875 1147 universi,
899 1090 1074 1153 equosque
1100 1090 1177 1134 cum
1201 1070 1297 1134 festi-

348 1174 489 1238 natione
518 1172 742 1236 ascendentes
770 1179 886 1236 castra
914 1177 1097 1235 moverunt
1124 1178 1294 1249 ovantes3

349 1275 525 1338 venientes
545 1273 663 1355 itaque
684 1272 728 1335 ad
747 1272 864 1336 villam
890 1271 933 1335 de
960 1271 1088 1349 Stovve,
1114 1289 1192 1354 quae
1216 1277 1296 1335 octo

350 1373 519 1438 milliariis
551 1391 573 1435 a
603 1372 785 1437 Lincolnia
820 1371 940 1448 distat,
974 1371 1099 1436 ibidem
1134 1370 1298 1453 intrepidi

349 1474 607 1556 pernoctarunt.
660 1471 765 1535 Mane
785 1479 899 1536 autem
922 1472 1026 1549 facto,
1048 1470 1148 1535 bellis
1164 1479 1297 1553 septem

350 1574 529 1655 eleganter
553 1572 719 1636 ordinatis
746 1571 861 1636 densis
891 1572 1098 1654 agminibus
1120 1590 1298 1652 proeesse-

350 1681 433 1737 runt
454 1673 490 1736 in
517 1672 648 1749 hosteS,
674 1671 759 1735 nihil
783 1672 871 1736 adeo
899 1680 1089 1737 metuentes
1115 1690 1218 1754 quam
1242 1670 1297 1735 su-

352 1792 431 1855 gam
462 1792 592 1849 eorum,
623 1778 808 1854 antequam
838 1770 890 1835 ad'
915 1772 1090 1835 civitatem
1118 1772 1296 1850 venirent;

350 1873 520 1938 balistarii
543 1892 679 1955 quoque
702 1892 820 1937 eorum
843 1872 1032 1935 exercitum
1057 1891 1192 1954 semper
1209 1892 1298 1954 prae-

350 1973 447 2037 ibant
473 1992 543 2036 uno
574 1972 645 2036 sere
678 1972 866 2049 milliari03
904 1973 1049 2059 sarcinas
1077 1973 1235 2053 bigarum
1263 1980 1298 2036 et

351 2074 613 2136 summariorum
633 2093 711 2137 eum
732 2072 938 2137 victualibus
961 2080 997 2136 et
1015 2072 1117 2136 rebus
1139 2091 1298 2136 necessa-

352 2174 411 2239 riis
436 2173 624 2258 exercitum
648 2172 851 2236 tantundem
876 2173 1109 2255 sequebantur
1130 2190 1152 2236 a
1174 2179 1298 2254 terg03

352 2272 489 2336 vexillis
516 2272 669 2354 undique
697 2273 902 2336 micantibus
930 2280 966 2336 et
987 2273 1106 2350 scutis,
1131 2293 1207 2355 quae
1228 2279 1299 2336 ter-

352 2391 464 2436 rorem
485 2391 555 2435 non
574 2372 751 2435 minimum
771 2373 966 2437 videntibus
983 2372 1213 2438 incusserunt.

399 2544 539 2626 Qualiter
556 2544 681 2633 barones
697 2544 736 2610 ab
752 2545 825 2634 arbe
839 2546 1011 2634 Lineolniae
1027 2556 1163 2612 cameras
1178 2547 1257 2634 rapis

624 2646 788 2711 accercitum
802 2648 1028 2735 aestimaverint.

189 2793 298 2833 ‹reconna-
404 2773 560 2836 Barones
582 2791 677 2849 vero,
700 2773 760 2854 qui
781 2780 881 2837 erant
905 2773 1114 2850 incivitate,
1138 2780 1172 2837 et
1190 2773 1297 2836 Fran-

191 2844 316 2934 mina
353 2873 484 2954 cigenae
500 2880 632 2936 tantam
652 2880 884 2954 conceperunt
900 2874 1121 2937 securitatem
1138 2874 1173 2937 in
1192 2891 1299 2937 causa

352 2992 418 3037 sua
448 2972 636 3049 obtinendi,
668 2978 707 3035 ut
735 2972 961 3037 referentibus
995 2974 1060 3036 sibi
1094 2974 1223 3037 nuntiis
1258 2973 1300 3037 de

353 3073 506 3138 adventu
530 3072 803 3136 adversariorum
830 3093 959 3137 sannas
985 3073 1165 3141 redderent
1188 3081 1223 3138 ct
1242 3092 1300 3136 ca-

353 3172 509 3249 chinnos,
541 3193 610 3237 non
640 3180 814 3237 cessantes
843 3194 888 3238 ex
915 3174 1141 3255 mangonellis
1168 3173 1300 3256 lapides

354 3272 538 3336 damnosos
567 3273 746 3357 projicere,
770 3280 808 3337 ut
829 3274 962 3338 castelli
990 3294 1104 3337 muros
1132 3274 1299 3339 dissolve-

353 3380 441 3437 rent.
494 3372 584 3437 Sane
608 3372 783 3437 Robertus
801 3373 1060 3439 filius-Walteri
1080 3381 1113 3436 et
1130 3373 1166 3435 S.
1187 3392 1301 3436 comes

353 3471 617 3548 wintoniensis,
649 3492 726 3536 cum
759 3474 937 3537 audissent
965 3472 1082 3535 hostes
1117 3472 1302 3555 appropin-

355 3590 463 3653 quare
493 3571 537 3635 ad
566 3572 753 3651 civitatem,
781 3574 939 3636 exierunt
966 3574 1010 3635 ab
1038 3572 1131 3647 urbe,
1155 3578 1194 3635 ut
1221 3592 1302 3654 pro-

352 3678 512 3752 'gressum
535 3691 651 3736 corum
672 3673 879 3754 inspicerent
899 3679 933 3736 et
951 3670 1157 3747 bellatorum
1182 3692 1301 3735 nume·

353 3788 431 3835 rum
463 3771 701 3850 aestimarent3
732 3771 803 3853 qui,
834 3792 911 3835 cum
941 3772 1124 3854 diligenter
1151 3771 1302 3835 hostium

353 3871 615 3935 adventantium
639 3871 897 3937 circumstantia
929 3872 1202 3954 conspexissent,
1226 3871 1303 3934 red-

354 3968 469 4033 ierunt
490 3971 526 4032 in
553 3970 671 4032 urbem
695 3971 739 4035 ad
764 3972 887 4050 socios,
914 3972 1079 4051 dicentes,
1107 3970 1302 4039 ‘Ordinato

353 4068 545 4156 procedunt
577 4076 697 4134 contra
730 4090 794 4135 nos
827 4072 1010 4136 bellatores
1043 4075 1115 4152 isti,
1148 4073 1207 4137 sed
1239 4093 1302 4137 nos

352 4178 467 4239 tamen
486 4169 599 4255 'multo
619 4169 735 4252 plures
757 4190 875 4259 sumus
894 4191 996 4253 quam
1018 4174 1090 4250 illi3
1116 4175 1205 4238 unde
1220 4193 1301 4237 con-
