2864 4866
378 406 518 456 vnorns
540 406 809 456 ursroamaum
1001 388 1069 452 315

177 635 267 718 ΘΜ
280 657 373 702 mmet
387 635 567 701 Britannia
581 657 603 701 a
617 655 685 721 rege
699 633 874 720 duplorum
889 633 1020 700 raserit.

170 762 300 826 Eodem
333 779 437 838 anno,
462 760 616 824 instante
646 760 832 824 nativitate
861 759 974 822 sancti
1004 757 1068 823 Jo·
1081 774 1203 864 &333⁸-

120 862 244 925 bannis
262 861 448 944 Baptistae,
469 879 539 943 quo
555 867 711 942 tempore
733 865 833 923 erant
849 858 1068 941 exspirandee
1082 876 1193 926 anerey.

123 969 254 1042 treugae
280 961 317 1024 in
346 959 530 1024 Britannia
551 958 642 1023 iuter
665 977 771 1041 reges·
795 960 1008 1023 Francorum
1034 967 1071 1024 et

124 1058 331 1142 Anglorum,
355 1079 419 1124 rex
441 1056 636 1140 Anglorum
659 1052 769 1122 'misit
791 1060 909 1123 comiti
932 1059 1072 1122 Britan-

123 1160 190 1224 niae
212 1159 345 1223 milites
363 1158 550 1240 sexaginta
578 1166 616 1222 et
631 1157 828 1223 wallenses
852 1159 923 1222 duo
949 1157 1070 1233 millia,

124 1260 184 1341 qui
207 1265 308 1322 terrae
339 1257 432 1321 illius
457 1257 649 1322 infirmiora
676 1258 939 1322 communirent.
989 1255 1070 1320 Rex

122 1365 237 1422 autem
261 1357 487 1434 Francorum,
509 1358 641 1438 treugis
663 1357 824 1434 evolutis,
843 1356 1070 1438 congregavit

122 1457 312 1522 exercitum
328 1457 506 1538 copiosum
528 1475 573 1519 ex
596 1456 753 1520 omnibus
776 1456 906 1519 viribus
928 1455 1013 1531 suis,
1035 1462 1070 1519 et

122 1556 296 1639 quoddam
317 1555 499 1619 castellum
522 1555 659 1619 comitis
681 1554 872 1618 Britanniae
893 1554 1071 1618 obsidione

121 1656 280 1721 vallavit.
317 1655 449 1719 Milites
464 1655 600 1737 quidem
614 1655 706 1735 regis
721 1652 914 1734 Anglorum
927 1661 963 1716 et
974 1654 1072 1718 Wal-

122 1756 236 1819 lcnses
251 1755 470 1818 venientibus
488 1754 714 1835 Francigenis
729 1759 950 1817 occurrentes
963 1772 1071 1835 equos

123 1854 340 1936 quorundam
354 1852 504 1917 bostium
522 1871 663 1917 snorum
673 1859 905 1934 peremerunt,
920 1872 966 1916 cx
978 1854 1072 1933 equi·

122 1954 216 2018 tibus
237 1954 370 2036 pedites
391 1952 520 2016 multos
542 1952 709 2030 iecerunt,
731 1952 830 2033 bigas
851 1959 887 2016 et
901 1951 1071 2026 vehicula,

122 2053 248 2136 quibus
269 2052 435 2118 victualia
457 2051 698 2115 deferebantur
719 2058 754 2114 et
774 2069 883 2126 arma,
903 2049 1070 2114 invaden-

124 2159 177 2217 tes
192 2157 371 2234 ceperunt,
380 2170 488 2234 equos
502 2157 539 2213 et
552 2149 665 2232 spolia
680 2156 886 2231 rapuerunt,
899 2155 935 2212 et
946 2149 1073 2212 damna

124 2252 175 2315 eis
197 2271 266 2314 non
286 2250 422 2314 modica
441 2249 627 2313 inserentes
647 2250 779 2331 absque
797 2249 853 2312 sui
871 2248 1015 2312 laesione
1027 2248 1072 2312 ad

124 2350 263 2433 propria
296 2357 379 2413 sunt
411 2347 553 2413 reversi.
605 2346 655 2412 At
680 2367 743 2410 rex
772 2348 997 2424 Francorum,
1025 2367 1072 2410 ex

122 2450 250 2514 damno
269 2449 335 2513 sibi
357 2448 455 2512 illato
471 2447 706 2529 perarmatus,
723 2446 846 2510 divisis
864 2446 1071 2528 agminibus,

123 2548 274 2630 undique
300 2547 517 2611 Britanniam
544 2546 674 2610 invasit
695 2552 731 2610 et
753 2546 942 2609 Britannos
972 2547 1072 2627 gravi

123 2647 308 2712 afflictione
322 2646 497 2712 contrivit.
550 2645 676 2710 Comes
692 2654 809 2708 autem
830 2644 867 2708 iu
890 2650 987 2708 arcto
1008 2663 1071 2726 po-

124 2748 213 2811 situs
237 2732 379 2828 treugas
402 2764 513 2827 usque
532 2744 575 2808 ad
600 2744 725 2807 iestum
748 2743 910 2807 Omnium
933 2752 1072 2807 sancto·

124 2866 200 2910 rum
216 2847 280 2909 sub
297 2845 361 2909 tali
376 2843 488 2907 forma
509 2843 690 2926 postulans
711 2841 921 2925 impetravit,
944 2848 985 2905 ut
1005 2841 1072 2904 sci-

124 2952 178 3008 ret
192 2945 337 3009 interim
361 2943 392 3007 si
415 2962 478 3006 rex
500 2941 708 3024 Anglorum,
732 2942 788 3005 cui
816 2940 1072 3005 confoederatus

123 3052 208 3119 erat,
236 3042 461 3126 corporaliter
485 3042 592 3106 vellet
616 3041 653 3104 iu
682 3040 758 3124 ejus
784 3059 985 3104 succursum
1014 3059 1071 3104 ve·

125 3143 218 3222 nire;
250 3141 395 3225 probis
423 3141 593 3223 siquidem
620 3140 752 3221 treugis
782 3139 977 3203 obtinendis
1007 3139 1072 3201 sub

124 3241 188 3305 tali
209 3241 321 3306 forma
342 3240 485 3304 tradidit
509 3241 583 3321 regi
603 3239 814 3303 Francorum
836 3239 904 3301 tria
928 3237 1072 3300 castella

124 3341 268 3424 optima,
291 3339 397 3423 quod,
420 3340 451 3402 si
471 3358 536 3403 rex
558 3337 752 3419 Anglorum
775 3337 867 3400 infra
888 3336 1071 3400 terminum

124 3445 350 3503 memoratum
368 3438 411 3501 ad
429 3438 666 3502 liberationem
683 3444 785 3501 terrae
802 3455 876 3499 suae
889 3455 960 3499 non
976 3436 1071 3499 veni·

123 3545 178 3602 ret
189 3538 427 3620 corporaliter,
437 3538 512 3620 ipse
528 3545 611 3601 tunc
625 3536 698 3617 regi
716 3536 930 3599 Francorum
945 3541 1072 3598 terram

125 3637 316 3702 Britanniae
337 3643 445 3701 totam
462 3656 540 3702 cum
563 3635 716 3700 castellis
742 3641 778 3699 et
799 3634 941 3698 urbibus
960 3653 1006 3697 ex
1022 3634 1072 3696 in·

123 3744 223 3818 tegru
238 3735 441 3818 resignaret.
482 3734 632 3816 Treugis
646 3741 762 3798 autem
778 3734 815 3797 in
828 3733 919 3798 hunc
934 3733 1072 3798 modum

122 3835 347 3911 confirmatis,
369 3853 483 3899 comes
512 3835 705 3929 Britanniae
729 3833 857 3898 milites
882 3833 975 3915 regis
998 3831 1073 3897 An·

159 4034 252 4083 'Misit
268 4034 352 4084 comiti
368 4028 531 4100 Britannia]
556 4034 587 4082 lu
611 4034 662 4082 uim
682 4033 803 4094 ferendo,’
821 4033 898 4082 dated
915 4033 957 4082 ibe
973 4033 1033 4083 aoth
1049 4034 1079 4082 of

125 4106 229 4167 Rymer,
250 4107 269 4154 i.
291 4121 317 4166 p.
335 4108 393 4166 211,
407 4119 456 4166 seq.
473 4119 516 4152 are
536 4108 587 4152 two
613 4104 687 4165 April
698 4105 749 4152 and
761 4104 819 4152 loth
831 4104 860 4152 of
869 4103 941 4164 May.

124 4176 207 4236 writs,
216 4173 264 4223 ‘de
276 4173 373 4222 auxilio
385 4173 470 4222 comiti
487 4173 588 4222 Britan·
