2864 4866
389 396 528 446 monas
551 398 823 450 nrsroamnuu.
1017 387 1082 452 267

136 549 256 639 effusio
278 554 453 633 terribilis,
481 562 516 621 et
537 576 599 639 per
627 563 737 622 totam
761 557 939 643 Angiiam,
955 559 1081 625 Walli·
1097 583 1218 625 anna.
1276 642 1279 647 .

136 670 192 714 am
217 660 253 717 et
275 653 479 719 Hiberniam
504 658 717 739 perturbatio
745 660 927 740 generalis.
981 659 1084 725 Circa

135 750 225 814 idem
243 752 390 837 denique
403 762 551 839 tcmpuS,
567 776 684 821 mense
697 757 720 821 J
724 759 818 837 unio,
834 759 870 822 in
887 766 987 841 parte
1003 779 1084 824 aus-

137 851 216 914 trali
228 851 367 935 Angliae
382 855 448 918 visi
467 863 548 919 sunt
566 875 588 920 a
602 857 720 922 multis
740 878 839 923 secus
859 859 964 922 maris
982 860 1083 924 littus

135 951 372 1017 immanissimi
389 955 458 1019 duo
479 955 646 1020 dracones
668 958 705 1021 in
723 977 801 1023 aere
821 960 975 1040 graviter
996 979 1083 1042 prae·

136 1049 272 1130 lianteS,
296 1061 401 1136 atque
426 1065 506 1138 post
526 1054 694 1121 diutinam
716 1076 867 1139 pugnam
888 1078 976 1122 unus
999 1060 1084 1123 alte-

135 1170 210 1213 rum
236 1155 425 1247 superavit,
449 1162 485 1219 et
503 1155 661 1238 fugatum
683 1177 794 1240 usque
817 1158 853 1220 in
873 1158 1083 1240 profundum

136 1252 253 1334 abyssi
269 1254 444 1320 insecutus
462 1263 527 1334 est,
542 1276 605 1320 nec
622 1257 772 1339 amplius
786 1258 853 1322 visi
868 1258 1019 1324 fuerunt.

303 1427 354 1491 Dc
369 1425 536 1492 cassatione
555 1427 790 1493 Oaataarc‘casc's
805 1427 901 1495 aava.

180 1550 250 1615 Per
261 1552 353 1616 idem
369 1559 504 1636 tempus
521 1560 678 1617 cassatus
695 1559 749 1616 est
765 1554 932 1635 magister
948 1553 971 1617 J
974 1554 1082 1618 ohan·
1095 1575 1209 1617 mena·

134 1670 208 1728 nes,
218 1659 447 1734 cognomento
464 1652 634 1730 BlunduS,
650 1651 910 1717 cantuariensis
925 1646 1080 1719 ¹electusr.
1093 1627 1223 1726 mg„

136 1751 364 1834 Divulgatum
382 1752 520 1835 quidem
534 1759 609 1817 erat
625 1752 760 1830 Romae,
785 1752 876 1834 quod
897 1761 978 1835 post
994 1754 1083 1820 elec·
1093 1727 1245 1828 ἓῗῖἷῖἲῗὲῗ

135 1852 262 1915 tionem
285 1871 384 1916 suam
406 1859 588 1935 acceperat
610 1871 656 1916 ex
677 1852 768 1915 dono
786 1852 893 1931 Petri,
907 1853 1083 1918 Wintoni-

135 1952 227 2014 ensis
243 1953 406 2034 episcopi,
422 1952 516 2016 mille
530 1970 664 2015 marcas
686 1953 835 2034 argenti,
855 1959 981 2034 praeter
995 1954 1083 2018 alias

133 2050 226 2114 mille
240 2070 387 2128 marcas,
404 2071 491 2134 quas
514 2051 622 2116 eidem
640 2051 794 2116 Johanni
817 2052 1020 2130 crediderat,
1043 2062 1083 2118 ut

122 2158 405 2232 promoveretur,
423 2152 514 2216 unde
530 2159 668 2216 constat
684 2152 877 2230 manifeste,
900 2152 992 2235 quod
1012 2172 1083 2216 ma-

136 2251 189 2331 gis
209 2251 241 2314 ei
261 2251 379 2315 nocuit
406 2270 511 2333 quam
533 2251 664 2334 profuit
688 2251 904 2328 familiaritas
929 2252 1083 2336 episcopi

134 2352 339 2430 memorati3
378 2351 556 2415 confessus
598 2358 768 2433 praeterea
805 2350 928 2416 Romae
970 2352 1084 2417 fuerat

134 2449 224 2513 idem
254 2449 445 2529 Johannes,
479 2458 520 2515 ut
549 2451 683 2526 dicitur,
716 2450 807 2533 quod
835 2450 903 2514 duo
934 2451 1085 2518 habebat

135 2549 312 2627 beneficia,
348 2551 473 2632 quibus
505 2569 588 2614 cura
617 2568 757 2613 annexa
782 2550 847 2613 fuit
878 2551 1083 2630 animarum,

136 2657 258 2713 contra
279 2656 413 2713 statuta
439 2650 576 2714 concilii
597 2649 780 2730 generalis,
803 2669 873 2732 qua
892 2671 1082 2735 praesump-

135 2749 229 2813 tione
258 2748 410 2813 creditur
439 2750 656 2832 reprobatus.
707 2749 774 2812 Sed
809 2751 982 2831 quoniam,
1007 2751 1082 2834 jam

136 2849 282 2912 cassatis
319 2848 429 2912 tribus
467 2848 621 2913 ecclesiae
656 2847 916 2913 Cantuariensis
951 2849 1082 2929 elsatia,

136 2947 283 3030 praefata
297 2947 363 3012 fuit
379 2948 439 3011 diu
461 2948 606 3012 ecclesia
621 2968 643 3012 a
658 2955 798 3031 pastore
812 2947 967 3025 viduata,
989 2948 1083 3014 dedit

135 3046 325 3124 monachis,
349 3048 409 3130 qui
433 3067 511 3111 cum
529 3048 638 3112 electo
662 3054 800 3112 cassato
822 3055 999 3123 venerant,
1021 3068 1083 3131 po-

135 3153 296 3210 testatem
324 3146 473 3228 cligendi
496 3148 699 3228 magistrum
726 3141 998 3224 ²Eadmundum,
1025 3167 1081 3211 ec·

135 3246 249 3310 clasiae
263 3246 524 3310 Saresbiriensis
541 3247 756 3322 canonicum,
769 3246 805 3308 in
822 3251 997 3328 pastorem
1010 3248 1084 3311 ani-

134 3364 266 3409 marum
296 3364 461 3425 suarum;
492 3348 548 3410 cui
573 3346 677 3410 etiam
705 3345 848 3428 pallium
877 3347 1080 3424 transmisit,

135 3464 178 3508 ne
205 3451 304 3510 tanta
329 3445 427 3509 sedes
457 3445 722 3528 metropolitana
750 3464 772 3508 a
793 3451 932 3527 pastore
952 3445 1081 3509 diutius

133 3544 368 3609 frustraretur.
408 3545 572 3609 Monachi
589 3565 670 3608 vero
686 3564 749 3608 nec
763 3545 877 3628 ipsum
893 3564 956 3609 nec
973 3545 1080 3608 alium

133 3644 332 3725 quemlibet,
360 3645 425 3707 nisi
452 3645 494 3708 de
524 3664 694 3710 consensu
722 3651 913 3709 conventus
934 3642 1000 3721 sui,
1027 3663 1080 3708 re-

133 3744 247 3827 cipere
263 3744 499 3808 decreverunt.

168 3938 305 4007 ¹Electas.]
325 3943 374 3992 See
391 3943 480 4007 above,
498 3947 592 4006 p.2t8,
618 3943 701 3992 called
726 3943 789 3991 from
817 3942 860 3990 the
887 3943 960 4003 place
988 3943 1018 3991 of
1040 3943 1080 3993 his

131 4015 195 4062 acte.
618 4012 711 4074 burial,
748 4013 897 4062 afterwards
934 4015 1080 4064 canonized.

167 4078 593 4158 'EodmaadaJa.]EdmundRiche,
620 4083 662 4131 He
678 4096 733 4131 was
746 4083 788 4132 the
802 4083 892 4132 author
908 4083 991 4133 ofthe
1002 4085 1010 4111 ‘
1020 4085 1083 4146 Spe·

131 4150 160 4200 of
184 4152 333 4213 Pouuteney
355 4167 383 4200 or
406 4153 543 4217 Pontigny‚
565 4167 593 4202 so
619 4153 704 4201 culum
717 4147 856 4202 Ecclesia.¹
