2864 4866
437 404 577 454 anonas
600 404 871 460 ursroamann.
1092 393 1136 459 61

186 583 245 628 rus
261 563 394 629 medius
409 565 536 648 viginti
556 571 636 630 octo
658 572 770 630 turres
793 565 897 631 habet
917 568 1136 651 principales,
1151 581 1275 624 llo-¹²1⁹·

186 664 286 728 binas
301 665 357 730 vel
376 673 493 731 ternas
509 665 699 731 testudines
719 666 949 744 continentes,
966 688 1044 751 quae
1062 689 1136 733 om-

186 783 248 828 nes
270 765 416 847 integrae
438 773 680 830 remanserunt
693 773 820 848 praeter
836 785 951 845 unam,
969 788 1047 851 quae
1066 789 1137 834 cre-

187 865 258 929 bris
271 865 397 930 ictibus
410 866 580 930 trehucnli
593 866 869 950 Templariorum
883 868 1137 951 aliquantulum

186 984 356 1030 concussa
379 965 468 1046 suit3
496 966 606 1031 voluit
629 967 721 1029 enim
744 966 842 1031 Dens
866 967 1037 1050 integram
1063 977 1135 1034 tra-

185 1065 267 1129 dere
293 1085 371 1131 eam
395 1067 506 1130 servis
530 1065 615 1142 suiS,
642 1073 683 1129 ut
706 1066 840 1130 clavem
864 1075 900 1132 et
923 1069 1136 1134 antemurale

187 1165 294 1231 totius
323 1172 424 1232 terrae
454 1166 614 1249 AEgypti.
680 1166 756 1230 Sita
789 1174 843 1231 est
870 1176 986 1232 antem
1012 1170 1136 1233 civitas

186 1265 277 1330 inter
290 1265 461 1331 Ramesse
476 1273 512 1330 et
524 1286 684 1348 campum
695 1266 880 1348 Taphneos
895 1268 1035 1332 interra
1049 1267 1136 1333 Ger-

187 1358 276 1443 sen,¹
296 1373 336 1430 ut
349 1367 520 1450 conjicere
535 1373 681 1449 possunt
699 1365 900 1444 Christiani,
915 1387 993 1452 quae
1011 1388 1136 1452 pascu·

186 1464 253 1529 alis
267 1474 333 1544 est,
349 1486 455 1550 quam
471 1466 533 1529 filii
550 1466 662 1530 Israel
677 1474 831 1550 tempore
845 1468 946 1531 famis
962 1470 1137 1551 petierunt

187 1584 209 1635 a
227 1565 421 1646 Pharaone,
439 1567 530 1633 sicut
544 1567 673 1650 legitur
688 1567 724 1630 in
740 1568 848 1634 veteri
864 1568 1103 1635 Testamento.

411 1744 460 1808 Da
477 1743 617 1828 cepticos
632 1743 730 1807 matri
747 1741 915 1829 Toplaeos.

238 1862 370 1954 Capta²
398 1870 507 1952 igitur
536 1869 713 1945 Damieta,
741 1868 837 1931 missi
866 1874 948 1932 sunt
977 1868 1137 1951 explora·
1150 1886 1273 1978 gffieor

190 1978 283 2036 tores
304 1969 349 2033 ad
373 1971 526 2034 virorum
546 1968 652 2046 mille,
674 1969 712 2031 in
736 1967 826 2032 festo
846 1968 958 2032 sancti
980 1967 1138 2032 Clemen-
1232 1963 1238 1975 ’

188 2071 247 2149 tis,
263 2070 299 2134 in
316 2070 486 2134 naviculis
502 2088 564 2151 per
584 2087 731 2153 parvum
751 2067 891 2146 flumen,
909 2068 1001 2151 quod
1018 2068 1137 2152 Taph-

191 2171 245 2235 nis
266 2171 474 2254 appellatur,
500 2176 541 2233 ut
566 2169 609 2233 de
638 2168 827 2233 castellulis
851 2176 887 2233 et
910 2168 1002 2233 villis
1025 2170 1139 2235 victu·

191 2272 260 2337 alia
284 2278 478 2354 quaererent
501 2277 536 2335 et
560 2270 649 2335 situs
676 2270 829 2333 locorum
854 2268 1053 2352 diligentius
1076 2290 1139 2335 ex-

189 2372 376 2456 plorarent.
443 2369 532 2434 Cum
571 2377 687 2435 autem
724 2369 1061 2453 appropinquassent
1093 2371 1138 2439 ad

190 2479 343 2537 castrum
369 2471 543 2554 quoddam
569 2471 612 2535 de
641 2470 778 2534 nomine
805 2469 956 2534 fluminis
984 2471 1140 2553 appella·

193 2580 278 2651 tum,
302 2572 465 2637 Saraceni
486 2571 546 2654 qui
569 2571 606 2635 in
632 2570 708 2654 ejus
733 2570 896 2654 praesidio
923 2577 1034 2648 erant,
1055 2570 1140 2636 visis

193 2672 413 2750 Christianis
443 2672 691 2737 existimabant
718 2671 909 2736 exercitum
936 2679 1048 2736 totum
1076 2671 1141 2735 ad-

193 2774 322 2851 venire,
346 2772 438 2839 unde
463 2773 573 2855 portis
595 2771 765 2836 obseratis
786 2770 968 2854 sugerunt3
996 2770 1144 2836 Christi-

193 2874 252 2939 ani
277 2892 360 2939 vero
384 2871 560 2937 Christum
588 2872 637 2935 ibi
664 2871 777 2935 solum
802 2872 1020 2954 capitaneum
1045 2872 1142 2937 inve·

192 2975 325 3038 nientes
358 2980 510 3037 castrum
537 2973 698 3037 alacriter
724 2971 953 3038 intraverunt.
1005 2972 1141 3037 Testati

193 3081 274 3139 sunt
296 3073 414 3137 fideles
440 3073 580 3151 reversi,
608 3092 646 3137 se
673 3086 849 3154 nunquam
872 3071 909 3134 in
934 3072 1039 3153 plano
1064 3091 1140 3135 cas·

193 3175 313 3240 tellum
344 3173 468 3237 fortius
504 3173 724 3256 inspexisse3
769 3171 874 3235 habet
905 3171 996 3234 enim
1028 3179 1140 3236 turres

194 3282 326 3357 septem
364 3273 583 3351 fortissimas,
615 3280 651 3337 et
679 3273 827 3355 desuper
858 3271 1048 3335 testudines
1080 3292 1141 3354 per

194 3395 339 3460 gyrum3
365 3373 494 3458 duplici
515 3374 646 3438 fossato
671 3373 823 3456 cingitur
844 3378 880 3435 et
899 3379 1045 3454 utroque
1066 3391 1141 3436 mu·

195 3484 284 3554 rato,
308 3476 439 3540 habens
466 3473 692 3540 antemurale.
745 3473 860 3536 Lacus
883 3491 921 3536 se
946 3471 1143 3538 diffundunt
1182 3472 1186 3479 ’

194 3577 232 3643 in
255 3577 365 3643 latum
392 3596 454 3659 per
480 3575 674 3652 circuitum,
702 3573 793 3638 unde
819 3572 856 3636 in
882 3571 1005 3656 hyeme
1026 3572 1142 3638 aditus

194 3677 369 3762 equitibus
403 3674 550 3740 difficilis
589 3681 654 3752 est,
686 3681 792 3758 atque
822 3674 864 3768 in
898 3679 1021 3737 aestate
1055 3673 1143 3739 adeo

194 3777 428 3862 impossibilis,
449 3783 489 3840 nt
506 3794 683 3858 nunquam
705 3794 768 3858 per
785 3773 997 3839 obsidionem
1016 3793 1038 3836 a
1054 3793 1141 3856 quo·

194 3879 279 3945 libet
298 3884 491 3961 caperetur.
543 3875 659 3939 Lacus
684 3875 742 3938 ille
766 3874 867 3938 valde
894 3873 1050 3954 piscosus
1076 3882 1142 3952 est,

195 3999 274 4047 nam
297 3978 339 4042 de
359 3977 516 4060 piscariis
537 3976 613 4061 ejus
640 3981 790 4058 quatuor
814 3972 923 4037 millia
948 3992 1142 4040 marcarum

231 4159 239 4190 ¹
254 4159 355 4208 Gersea.
368 4156 380 4220 ]
401 4151 540 4220 ‘Gressen’
563 4157 590 4206 in
609 4156 654 4214 C.;
717 4147 842 4221 'Copta.]
864 4153 923 4204 Jac.
939 4152 972 4201 de
982 4153 1106 4216 vitriaco,
1117 4168 1144 4214 p.

197 4222 332 4292 ‘Gerasa’
343 4228 402 4278 Jac.
413 4227 445 4276 de
453 4227 575 4278 Vitriaco.
683 4228 756 4276 ills.
