2864 4866
369 395 436 461 258
622 409 755 458 noorai
781 410 827 456 on
852 407 1058 457 wuunovun

209 589 333 632 soona
371 568 580 653 possidebat,
606 575 647 631 ut
663 567 742 631 inde
766 567 831 631 sibi
859 586 900 631 ac
926 567 998 630 suis
1025 563 1220 629 necessaria
1240 583 1319 646 pro·

373 670 516 736 videret.
582 668 629 732 Et
650 667 754 750 paulo
776 675 856 748 post
877 672 1103 748 susceperunt
1124 664 1322 728 Hubertum

374 771 438 834 sub
465 767 685 853 fidejussione
710 766 905 831 Richardus
935 786 1061 843 comes,
1084 765 1191 828 frater
1217 766 1323 846 regis,

375 869 573 934 Willelmus
604 886 719 931 comes
741 866 954 943 warenniae,
980 866 1177 930 Richardus
1208 884 1324 928 comes

378 968 606 1034 Marescallus
634 975 669 1031 et
693 961 905 1032 ¹Willelmus
935 985 1049 1030 comes
1075 966 1118 1029 de
1143 964 1325 1043 Ferrariis,

378 1076 413 1133 et
435 1069 561 1133 missus
587 1087 608 1130 a
630 1087 712 1149 rege
743 1066 787 1130 ad
815 1066 996 1132 castellum
1025 1066 1068 1129 de
1094 1065 1226 1129 Divisis
1253 1071 1325 1128 tra-

378 1169 471 1233 ditus
494 1175 548 1232 est
565 1169 629 1231 sub
652 1167 812 1231 custodia
837 1174 987 1250 quatuor
1009 1165 1157 1229 militum
1180 1164 1325 1246 praedic·

378 1276 492 1333 torum
509 1268 685 1342 comitum,
700 1275 740 1330 ut
755 1267 820 1330 sub
830 1267 939 1330 libera
955 1265 1114 1330 custodia
1129 1272 1327 1329 servaretur

378 1368 516 1432 ibidem.
566 1365 698 1430 Eodem
726 1384 829 1444 anno,
851 1369 887 1430 iu
914 1365 1066 1430 erastino
1093 1365 1205 1430 sancti
1226 1363 1325 1427 Mar·

380 1467 456 1545 tini,
479 1466 599 1530 audita
625 1473 707 1530 snut
730 1468 886 1532 tonitrua
908 1465 1098 1542 horribilia,
1119 1483 1198 1548 quae
1221 1464 1325 1529 vicis-

380 1568 445 1630 sim
471 1586 534 1650 per
557 1565 630 1629 dies
657 1566 851 1649 quindecim
879 1566 1081 1630 continuata
1106 1564 1233 1629 multos
1258 1571 1327 1628 ter-

378 1673 535 1741 rueruut,
563 1672 598 1729 et
629 1667 803 1749 praeoipne
835 1667 928 1731 cives
961 1664 1233 1742 Loudouienses,
1264 1665 1325 1747 qui

380 1767 471 1830 hauc
493 1772 626 1850 pestem
652 1766 739 1830 adeo
769 1767 897 1831 habeut
921 1765 1135 1842 familiarem,
1163 1765 1268 1848 quod,
1297 1765 1327 1828 si

381 1886 528 1950 usquam
556 1866 602 1931 sit
625 1865 661 1929 in
687 1864 829 1948 Anglia,
854 1866 902 1930 ibi
930 1885 999 1929 non
1025 1863 1138 1944 des'it3
1169 1870 1327 1928 secutum

381 1975 435 2031 est
457 1973 572 2030 autem
599 1965 636 2028 in
666 1985 773 2048 regno
798 1965 993 2047 Anglorum
1026 1965 1119 2029 inter
1147 1984 1263 2046 regem
1290 1971 1327 2029 et

382 2067 527 2131 barones
553 2066 747 2130 miserabile
768 2067 959 2144 dissidium,
981 2066 1072 2130 sicut
1089 2083 1236 2149 sequens
1256 2065 1327 2128 his·

382 2167 472 2231 toria
487 2166 688 2231 declarabit.

381 2340 431 2404 De
446 2338 621 2406 uisitatione
628 2341 724 2426 forto
738 2361 831 2425 sopor
845 2340 928 2405 uiros
946 2338 1157 2426 eojoserooqoe
1171 2339 1331 2426 ralipiooie

661 2460 723 2525 per
739 2438 838 2505 orbam
854 2440 1041 2504 ooioarsmo.

220 2575 344 2627 Therore’·
445 2565 525 2628 Hoc
549 2584 687 2648 quoque
708 2584 804 2629 anno.
821 2583 914 2646 papa
936 2562 1125 2645 Gregorius
1148 2564 1330 2629 constituit

220 2627 265 2666 bull
274 2628 305 2666 lor
314 2638 327 2665 a

219 2675 363 2766 pgpgfflisi·
383 2663 581 2728 visitatores
606 2684 710 2747 super
726 2663 819 2729 viros
844 2663 1023 2745 religiosos
1046 2682 1108 2746 per
1128 2663 1245 2727 orbem
1269 2685 1329 2746 ge·

221 2775 371 2818 monasterie·-
385 2764 548 2828 neraliter
580 2764 778 2828 universum
802 2762 932 2827 Christi
958 2763 1095 2827 nomine
1126 2763 1330 2845 insignitum

384 2864 448 2927 sub
470 2863 535 2927 hac
551 2863 685 2945 forma3
710 2862 927 2945 ‘Gregorius
944 2864 1137 2946 episcopus,
1155 2865 1332 2929 venerabi·

383 2963 474 3027 libus
496 2964 660 3028 fratribus
683 2962 912 3045 suffraganeis
932 2962 1086 3027 ecclesiae
1102 2962 1331 3029 Cantuarien-

384 3064 445 3142 siS,
454 3064 600 3128 salutem
612 3071 648 3128 et
656 3063 883 3146 apostolicam
895 3062 1178 3128 benedictionem.
1206 3063 1331 3146 Egres-

385 3183 445 3228 sus
460 3184 482 3228 a
498 3164 584 3228 facie
599 3164 665 3227 Dei
683 3163 827 3240 Satbau,
845 3163 888 3227 ad
900 3163 1004 3226 fortia
1019 3183 1158 3227 manum
1176 3164 1330 3243 mittens,

385 3262 428 3328 de
452 3282 516 3327 sua
539 3263 728 3328 calliditate
755 3263 906 3327 confisus
929 3264 1091 3328 vitiorum
1123 3263 1257 3347 laqueis
1283 3264 1330 3328 ir·

385 3364 489 3429 retire
506 3364 647 3428 molitur
664 3364 793 3428 electos
809 3363 845 3426 in
866 3370 994 3427 sortem
1011 3362 1229 3432 Dominicam
1247 3384 1330 3428 evo·

385 3470 494 3542 catoS,
516 3463 666 3548 majores
693 3464 741 3528 ibi
766 3481 893 3545 paraus
913 3462 971 3526 ille
989 3469 1165 3527 tortuosus
1188 3463 1331 3527 insidia·

386 3570 442 3627 lor
463 3563 619 3642 iusidias,
634 3564 693 3628 ubi
715 3563 893 3646 graviores
915 3562 1134 3646 conspexerit
1155 3571 1332 3646 corrupte-

384 3661 449 3726 las.
502 3662 593 3727 Sane
615 3683 694 3727 oum
711 3664 907 3746 frequenter
929 3661 974 3726 ad
991 3670 1145 3727 nostram
1161 3663 1333 3728 audienti·

385 3780 441 3824 am
466 3762 692 3843 pervenisset,
715 3762 808 3846 quod
837 3763 1048 3827 monasteria
1072 3763 1333 3828 Cantuariensis

385 3861 572 3943 provinciae
592 3862 628 3926 in
648 3863 886 3945 spiritualibus
908 3863 1093 3928 enormiter
1108 3870 1144 3928 et
1160 3870 1333 3949 tempora·

418 4060 652 4117 ¹Willelmuscomea
659 4069 689 4117 de
696 4067 843 4132 Ferraria]
870 4069 977 4118 Lincoln
993 4069 1044 4118 aud
1062 4071 1190 4122 constable
1209 4072 1240 4123 of
1254 4071 1335 4124 ches-

382 4133 436 4183 The
452 4136 512 4185 writ
527 4132 606 4187 above
629 4137 732 4187 alluded
749 4142 784 4199 to,
807 4137 845 4187 ior
870 4144 922 4202 ter;
940 4140 1014 4201 Rym.
1023 4139 1042 4190 i.
1053 4155 1080 4201 p.
1092 4145 1149 4192 208.

383 4204 450 4254 Lord
468 4205 578 4269 Ferrea,
596 4207 738 4272 hasdobn,
748 4208 801 4258 earl
818 4207 848 4257 oi
