<?xml version="1.0" encoding="UTF-8"?>
<!DOCTYPE html PUBLIC "-//W3C//DTD XHTML 1.0 Transitional//EN"
    "http://www.w3.org/TR/xhtml1/DTD/xhtml1-transitional.dtd">
<html xmlns="http://www.w3.org/1999/xhtml" xml:lang="en" lang="en">
 <head>
  <title>
</title>
<meta http-equiv="Content-Type" content="text/html;charset=utf-8" />
  <meta name='ocr-system' content='tesseract 3.04.00' />
  <meta name='ocr-capabilities' content='ocr_page ocr_carea ocr_par ocr_line ocrx_word'/>
</head>
<body>
  <div class='ocr_page' id='page_1' title='image "./rogeridewendove03rogegoog_0206.png"; bbox 0 0 2864 4866; ppageno 0'>
   <div class='ocr_carea' id='block_1_1' title="bbox 418 402 1113 467">
    <p class='ocr_par' dir='ltr' id='par_1_1' title="bbox 418 402 1113 467">
     <span class='ocr_line' id='line_1_1' title="bbox 418 402 1113 467; baseline 0.001 -1"><span class='ocrx_word' id='word_1_1' title='bbox 418 417 556 466; x_wconf 85' lang='lat' dir='ltr'><strong>rronns</strong></span> <span class='ocrx_word' id='word_1_2' title='bbox 580 419 851 467; x_wconf 80' lang='lat' dir='ltr'><strong>ursroumrruu.</strong></span> <span class='ocrx_word' id='word_1_3' title='bbox 1047 402 1113 467; x_wconf 83' lang='grc'><strong>195</strong></span> 
     </span>
    </p>
   </div>
   <div class='ocr_carea' id='block_1_2' title="bbox 158 569 1287 1655">
    <p class='ocr_par' dir='ltr' id='par_1_2' title="bbox 158 569 1287 1655">
     <span class='ocr_line' id='line_1_2' title="bbox 160 569 1287 661; baseline 0.013 -29"><span class='ocrx_word' id='word_1_4' title='bbox 160 569 310 652; x_wconf 84' lang='lat' dir='ltr'><strong>planetae</strong></span> <span class='ocrx_word' id='word_1_5' title='bbox 334 575 542 639; x_wconf 85' lang='lat' dir='ltr'><strong>conveniant</strong></span> <span class='ocrx_word' id='word_1_6' title='bbox 564 575 601 638; x_wconf 93' lang='lat' dir='ltr'><strong>in</strong></span> <span class='ocrx_word' id='word_1_7' title='bbox 624 575 742 654; x_wconf 91' lang='lat' dir='ltr'><strong>Libra,</strong></span> <span class='ocrx_word' id='word_1_8' title='bbox 764 575 901 658; x_wconf 82' lang='lat' dir='ltr'><strong>eclipsis</strong></span> <span class='ocrx_word' id='word_1_9' title='bbox 923 576 1019 654; x_wconf 90' lang='lat' dir='ltr'><strong>solis,</strong></span> <span class='ocrx_word' id='word_1_10' title='bbox 1041 599 1111 661; x_wconf 93' lang='lat' dir='ltr'><strong>qua</strong></span> <span class='ocrx_word' id='word_1_11' title='bbox 1122 605 1179 646; x_wconf 72' lang='lat' dir='ltr'><strong>nn.</strong></span> <span class='ocrx_word' id='word_1_12' title='bbox 1190 601 1287 646; x_wconf 57' lang='lat' dir='ltr'><strong>eras·</strong></span> 
     </span>
     <span class='ocr_line' id='line_1_3' title="bbox 161 674 1110 760; baseline 0.011 -27"><span class='ocrx_word' id='word_1_13' title='bbox 161 677 271 734; x_wconf 91' lang='lat' dir='ltr'><strong>totum</strong></span> <span class='ocrx_word' id='word_1_14' title='bbox 298 690 423 754; x_wconf 91' lang='lat' dir='ltr'><strong>corpus</strong></span> <span class='ocrx_word' id='word_1_15' title='bbox 446 674 521 757; x_wconf 88' lang='lat' dir='ltr'><strong>ejus</strong></span> <span class='ocrx_word' id='word_1_16' title='bbox 547 675 799 753; x_wconf 80' lang='lat' dir='ltr'><strong>obscurabitur,</strong></span> <span class='ocrx_word' id='word_1_17' title='bbox 824 676 916 740; x_wconf 90' lang='lat' dir='ltr'><strong>etin</strong></span> <span class='ocrx_word' id='word_1_18' title='bbox 940 679 1110 760; x_wconf 88' lang='lat' dir='ltr'><strong>oppressi·</strong></span> 
     </span>
     <span class='ocr_line' id='line_1_4' title="bbox 160 771 1111 859; baseline 0.014 -28"><span class='ocrx_word' id='word_1_19' title='bbox 160 789 226 833; x_wconf 89' lang='lat' dir='ltr'><strong>one</strong></span> <span class='ocrx_word' id='word_1_20' title='bbox 250 771 460 853; x_wconf 86' lang='lat' dir='ltr'><strong>praecedenti</strong></span> <span class='ocrx_word' id='word_1_21' title='bbox 485 774 569 838; x_wconf 89' lang='lat' dir='ltr'><strong>luna</strong></span> <span class='ocrx_word' id='word_1_22' title='bbox 592 781 670 839; x_wconf 90' lang='lat' dir='ltr'><strong>tota</strong></span> <span class='ocrx_word' id='word_1_23' title='bbox 691 775 845 858; x_wconf 82' lang='lat' dir='ltr'><strong>eclipsim</strong></span> <span class='ocrx_word' id='word_1_24' title='bbox 869 777 1042 859; x_wconf 85' lang='lat' dir='ltr'><strong>patietur3</strong></span> <span class='ocrx_word' id='word_1_25' title='bbox 1074 788 1111 844; x_wconf 90' lang='lat' dir='ltr'><strong>et</strong></span> 
     </span>
     <span class='ocr_line' id='line_1_5' title="bbox 161 869 1109 956; baseline 0.013 -25"><span class='ocrx_word' id='word_1_26' title='bbox 161 869 227 933; x_wconf 91' lang='lat' dir='ltr'><strong>erit</strong></span> <span class='ocrx_word' id='word_1_27' title='bbox 249 871 387 955; x_wconf 83' lang='lat' dir='ltr'><strong>eclipsis</strong></span> <span class='ocrx_word' id='word_1_28' title='bbox 412 872 495 936; x_wconf 90' lang='lat' dir='ltr'><strong>solis</strong></span> <span class='ocrx_word' id='word_1_29' title='bbox 525 874 619 956; x_wconf 84' lang='lat' dir='ltr'><strong>ignei</strong></span> <span class='ocrx_word' id='word_1_30' title='bbox 647 874 772 939; x_wconf 89' lang='lat' dir='ltr'><strong>coloris</strong></span> <span class='ocrx_word' id='word_1_31' title='bbox 798 883 833 940; x_wconf 90' lang='lat' dir='ltr'><strong>et</strong></span> <span class='ocrx_word' id='word_1_32' title='bbox 855 875 1030 955; x_wconf 79' lang='lat' dir='ltr'><strong>deformis,</strong></span> <span class='ocrx_word' id='word_1_33' title='bbox 1053 897 1109 942; x_wconf 89' lang='lat' dir='ltr'><strong>os·</strong></span> 
     </span>
     <span class='ocr_line' id='line_1_6' title="bbox 159 968 1109 1054; baseline 0.008 -20"><span class='ocrx_word' id='word_1_34' title='bbox 159 968 303 1034; x_wconf 90' lang='lat' dir='ltr'><strong>tendens</strong></span> <span class='ocrx_word' id='word_1_35' title='bbox 326 971 495 1054; x_wconf 91' lang='lat' dir='ltr'><strong>majorum</strong></span> <span class='ocrx_word' id='word_1_36' title='bbox 518 973 646 1037; x_wconf 90' lang='lat' dir='ltr'><strong>bellum</strong></span> <span class='ocrx_word' id='word_1_37' title='bbox 667 974 820 1038; x_wconf 88' lang='lat' dir='ltr'><strong>futurum</strong></span> <span class='ocrx_word' id='word_1_38' title='bbox 842 994 920 1039; x_wconf 91' lang='lat' dir='ltr'><strong>cum</strong></span> <span class='ocrx_word' id='word_1_39' title='bbox 944 976 1109 1043; x_wconf 84' lang='lat' dir='ltr'><strong>effusione</strong></span> 
     </span>
     <span class='ocr_line' id='line_1_7' title="bbox 158 1069 1108 1154; baseline 0.012 -24"><span class='ocrx_word' id='word_1_40' title='bbox 158 1069 337 1150; x_wconf 85' lang='lat' dir='ltr'><strong>sanguinis</strong></span> <span class='ocrx_word' id='word_1_41' title='bbox 363 1090 470 1154; x_wconf 89' lang='lat' dir='ltr'><strong>prope</strong></span> <span class='ocrx_word' id='word_1_42' title='bbox 496 1072 640 1137; x_wconf 89' lang='lat' dir='ltr'><strong>fluvium</strong></span> <span class='ocrx_word' id='word_1_43' title='bbox 667 1074 820 1139; x_wconf 88' lang='lat' dir='ltr'><strong>interra</strong></span> <span class='ocrx_word' id='word_1_44' title='bbox 844 1075 985 1139; x_wconf 91' lang='lat' dir='ltr'><strong>orientis</strong></span> <span class='ocrx_word' id='word_1_45' title='bbox 1009 1083 1045 1141; x_wconf 92' lang='lat' dir='ltr'><strong>et</strong></span> <span class='ocrx_word' id='word_1_46' title='bbox 1064 1077 1108 1140; x_wconf 90' lang='lat' dir='ltr'><strong>si·</strong></span> 
     </span>
     <span class='ocr_line' id='line_1_8' title="bbox 159 1167 1108 1253; baseline 0.012 -23"><span class='ocrx_word' id='word_1_47' title='bbox 159 1167 287 1232; x_wconf 88' lang='lat' dir='ltr'><strong>militer</strong></span> <span class='ocrx_word' id='word_1_48' title='bbox 306 1169 344 1232; x_wconf 91' lang='lat' dir='ltr'><strong>in</strong></span> <span class='ocrx_word' id='word_1_49' title='bbox 361 1175 455 1234; x_wconf 85' lang='lat' dir='ltr'><strong>terra</strong></span> <span class='ocrx_word' id='word_1_50' title='bbox 476 1172 663 1237; x_wconf 86' lang='lat' dir='ltr'><strong>occidentis</strong></span> <span class='ocrx_word' id='word_1_51' title='bbox 679 1194 688 1253; x_wconf 75' lang='grc' dir='ltr'>ς</span> <span class='ocrx_word' id='word_1_52' title='bbox 713 1181 750 1238; x_wconf 85' lang='lat' dir='ltr'><strong>et</strong></span> <span class='ocrx_word' id='word_1_53' title='bbox 769 1174 869 1239; x_wconf 87' lang='lat' dir='ltr'><strong>cadet</strong></span> <span class='ocrx_word' id='word_1_54' title='bbox 892 1175 1050 1240; x_wconf 83' lang='lat' dir='ltr'><strong>dubietas</strong></span> <span class='ocrx_word' id='word_1_55' title='bbox 1072 1184 1108 1241; x_wconf 90' lang='lat' dir='ltr'><strong>et</strong></span> 
     </span>
     <span class='ocr_line' id='line_1_9' title="bbox 158 1267 1107 1350; baseline 0.011 -20"><span class='ocrx_word' id='word_1_56' title='bbox 158 1267 358 1349; x_wconf 84' lang='lat' dir='ltr'><strong>ignorantia</strong></span> <span class='ocrx_word' id='word_1_57' title='bbox 376 1270 467 1335; x_wconf 91' lang='lat' dir='ltr'><strong>inter</strong></span> <span class='ocrx_word' id='word_1_58' title='bbox 485 1271 508 1336; x_wconf 84' lang='lat' dir='ltr'>J</span> <span class='ocrx_word' id='word_1_59' title='bbox 511 1272 629 1336; x_wconf 86' lang='lat' dir='ltr'><strong>udaeos</strong></span> <span class='ocrx_word' id='word_1_60' title='bbox 648 1280 684 1338; x_wconf 89' lang='lat' dir='ltr'><strong>et</strong></span> <span class='ocrx_word' id='word_1_61' title='bbox 701 1273 905 1350; x_wconf 87' lang='lat' dir='ltr'><strong>Saracenos,</strong></span> <span class='ocrx_word' id='word_1_62' title='bbox 922 1273 1032 1339; x_wconf 89' lang='lat' dir='ltr'><strong>donec</strong></span> <span class='ocrx_word' id='word_1_63' title='bbox 1052 1296 1107 1340; x_wconf 85' lang='lat' dir='ltr'><strong>re·</strong></span> 
     </span>
     <span class='ocr_line' id='line_1_10' title="bbox 158 1367 1106 1456; baseline 0.011 -26"><span class='ocrx_word' id='word_1_64' title='bbox 158 1367 318 1450; x_wconf 87' lang='lat' dir='ltr'><strong>linquunt</strong></span> <span class='ocrx_word' id='word_1_65' title='bbox 333 1370 472 1452; x_wconf 88' lang='lat' dir='ltr'><strong>penitus</strong></span> <span class='ocrx_word' id='word_1_66' title='bbox 491 1391 690 1456; x_wconf 82' lang='lat' dir='ltr'><strong>synagogas</strong></span> <span class='ocrx_word' id='word_1_67' title='bbox 708 1381 743 1438; x_wconf 89' lang='lat' dir='ltr'><strong>et</strong></span> <span class='ocrx_word' id='word_1_68' title='bbox 760 1373 990 1437; x_wconf 86' lang='lat' dir='ltr'><strong>mahumerias</strong></span> <span class='ocrx_word' id='word_1_69' title='bbox 1013 1395 1106 1454; x_wconf 90' lang='lat' dir='ltr'><strong>suas,</strong></span> 
     </span>
     <span class='ocr_line' id='line_1_11' title="bbox 158 1470 1107 1556; baseline 0.011 -26"><span class='ocrx_word' id='word_1_70' title='bbox 158 1473 329 1531; x_wconf 87' lang='lat' dir='ltr'><strong>eteorum</strong></span> <span class='ocrx_word' id='word_1_71' title='bbox 355 1477 452 1534; x_wconf 88' lang='lat' dir='ltr'><strong>secta</strong></span> <span class='ocrx_word' id='word_1_72' title='bbox 471 1470 574 1554; x_wconf 87' lang='lat' dir='ltr'><strong>jussu</strong></span> <span class='ocrx_word' id='word_1_73' title='bbox 599 1474 668 1537; x_wconf 88' lang='lat' dir='ltr'><strong>Dei</strong></span> <span class='ocrx_word' id='word_1_74' title='bbox 692 1474 831 1556; x_wconf 88' lang='lat' dir='ltr'><strong>penitus</strong></span> <span class='ocrx_word' id='word_1_75' title='bbox 853 1474 1051 1539; x_wconf 87' lang='lat' dir='ltr'><strong>destruetur</strong></span> <span class='ocrx_word' id='word_1_76' title='bbox 1072 1483 1107 1540; x_wconf 88' lang='lat' dir='ltr'><strong>et</strong></span> 
     </span>
     <span class='ocr_line' id='line_1_12' title="bbox 159 1566 1106 1655; baseline 0.01 -26"><span class='ocrx_word' id='word_1_77' title='bbox 159 1566 425 1650; x_wconf 88' lang='lat' dir='ltr'><strong>annihilabitur;</strong></span> <span class='ocrx_word' id='word_1_78' title='bbox 448 1572 539 1636; x_wconf 90' lang='lat' dir='ltr'><strong>unde</strong></span> <span class='ocrx_word' id='word_1_79' title='bbox 558 1573 658 1638; x_wconf 88' lang='lat' dir='ltr'><strong>vobis</strong></span> <span class='ocrx_word' id='word_1_80' title='bbox 678 1580 800 1639; x_wconf 86' lang='lat' dir='ltr'><strong>notum</strong></span> <span class='ocrx_word' id='word_1_81' title='bbox 820 1573 878 1650; x_wconf 91' lang='lat' dir='ltr'><strong>sit,</strong></span> <span class='ocrx_word' id='word_1_82' title='bbox 899 1579 950 1650; x_wconf 97' lang='lat' dir='ltr'><strong>ut,</strong></span> <span class='ocrx_word' id='word_1_83' title='bbox 967 1575 1106 1655; x_wconf 90' lang='lat' dir='ltr'><strong>quando</strong></span> 
     </span>
    </p>
   </div>
   <div class='ocr_carea' id='block_1_3' title="bbox 157 1666 1107 1833">
    <p class='ocr_par' dir='ltr' id='par_1_3' title="bbox 157 1666 1107 1833">
     <span class='ocr_line' id='line_1_13' title="bbox 158 1666 1107 1748; baseline 0.008 -19"><span class='ocrx_word' id='word_1_84' title='bbox 158 1666 312 1748; x_wconf 81' lang='lat' dir='ltr'><strong>eclipsim</strong></span> <span class='ocrx_word' id='word_1_85' title='bbox 335 1668 503 1748; x_wconf 89' lang='lat' dir='ltr'><strong>videritis,</strong></span> <span class='ocrx_word' id='word_1_86' title='bbox 535 1672 578 1735; x_wconf 91' lang='lat' dir='ltr'><strong>de</strong></span> <span class='ocrx_word' id='word_1_87' title='bbox 601 1679 694 1737; x_wconf 89' lang='lat' dir='ltr'><strong>terra</strong></span> <span class='ocrx_word' id='word_1_88' title='bbox 723 1673 858 1740; x_wconf 85' lang='lat' dir='ltr'><strong>exeatis</strong></span> <span class='ocrx_word' id='word_1_89' title='bbox 888 1691 968 1740; x_wconf 86' lang='lat' dir='ltr'><strong>cum</strong></span> <span class='ocrx_word' id='word_1_90' title='bbox 999 1675 1107 1738; x_wconf 84' lang='lat' dir='ltr'><strong>omni-</strong></span> 
     </span>
     <span class='ocr_line' id='line_1_14' title="bbox 157 1765 389 1833; baseline 0.009 -4"><span class='ocrx_word' id='word_1_91' title='bbox 157 1765 222 1829; x_wconf 87' lang='lat' dir='ltr'><strong>bus</strong></span> <span class='ocrx_word' id='word_1_92' title='bbox 239 1766 389 1833; x_wconf 62' lang='lat' dir='ltr'><strong>vestris?</strong></span> 
     </span>
    </p>
   </div>
   <div class='ocr_carea' id='block_1_4' title="bbox 200 1940 1063 2128">
    <p class='ocr_par' dir='ltr' id='par_1_4' title="bbox 200 1940 1063 2128">
     <span class='ocr_line' id='line_1_15' title="bbox 200 1940 1063 2029; baseline -0.008 -18"><span class='ocrx_word' id='word_1_93' title='bbox 200 1940 288 2024; x_wconf 70' lang='lat' dir='ltr'><strong>Quod</strong></span> <span class='ocrx_word' id='word_1_94' title='bbox 295 1950 427 2029; x_wconf 78' lang='lat' dir='ltr'><strong>proptor</strong></span> <span class='ocrx_word' id='word_1_95' title='bbox 434 1951 565 2029; x_wconf 74' lang='lat' dir='ltr'><strong>peccota</strong></span> <span class='ocrx_word' id='word_1_96' title='bbox 580 1942 737 2008; x_wconf 76' lang='lat' dir='ltr'><strong>domiuum</strong></span> <span class='ocrx_word' id='word_1_97' title='bbox 753 1964 832 2008; x_wconf 80' lang='lat' dir='ltr'><strong>cruc</strong></span> <span class='ocrx_word' id='word_1_98' title='bbox 846 1943 922 2008; x_wconf 82' lang='lat' dir='ltr'><strong>olim</strong></span> <span class='ocrx_word' id='word_1_99' title='bbox 935 1950 963 2007; x_wconf 79' lang='lat' dir='ltr'><strong>et</strong></span> <span class='ocrx_word' id='word_1_100' title='bbox 977 1949 1063 2006; x_wconf 79' lang='lat' dir='ltr'><strong>terro</strong></span> 
     </span>
     <span class='ocr_line' id='line_1_16' title="bbox 350 2041 913 2128; baseline -0.004 -21"><span class='ocrx_word' id='word_1_101' title='bbox 350 2051 458 2107; x_wconf 67' lang='lat' dir='ltr'><strong>souma</strong></span> <span class='ocrx_word' id='word_1_102' title='bbox 469 2050 569 2128; x_wconf 72' lang='lat' dir='ltr'><strong>copto</strong></span> <span class='ocrx_word' id='word_1_103' title='bbox 584 2050 674 2107; x_wconf 79' lang='lat' dir='ltr'><strong>eruut</strong></span> <span class='ocrx_word' id='word_1_104' title='bbox 687 2063 710 2105; x_wconf 85' lang='lat' dir='ltr'><strong>o</strong></span> <span class='ocrx_word' id='word_1_105' title='bbox 726 2041 913 2106; x_wconf 67' lang='lat' dir='ltr'><strong>Sabadius.</strong></span> 
     </span>
    </p>
   </div>
   <div class='ocr_carea' id='block_1_5' title="bbox 209 2163 1222 2274">
    <p class='ocr_par' dir='ltr' id='par_1_5' title="bbox 209 2163 1222 2274">
     <span class='ocr_line' id='line_1_17' title="bbox 209 2163 1222 2274; baseline -0.002 -48"><span class='ocrx_word' id='word_1_106' title='bbox 209 2164 295 2229; x_wconf 89' lang='lat' dir='ltr'><strong>Erat</strong></span> <span class='ocrx_word' id='word_1_107' title='bbox 315 2171 432 2230; x_wconf 89' lang='lat' dir='ltr'><strong>autem</strong></span> <span class='ocrx_word' id='word_1_108' title='bbox 459 2165 495 2228; x_wconf 93' lang='lat' dir='ltr'><strong>in</strong></span> <span class='ocrx_word' id='word_1_109' title='bbox 517 2165 638 2231; x_wconf 89' lang='lat' dir='ltr'><strong>diebus</strong></span> <span class='ocrx_word' id='word_1_110' title='bbox 660 2164 730 2229; x_wconf 89' lang='lat' dir='ltr'><strong>illis</strong></span> <span class='ocrx_word' id='word_1_111' title='bbox 756 2165 867 2229; x_wconf 86' lang='lat' dir='ltr'><strong>multa</strong></span> <span class='ocrx_word' id='word_1_112' title='bbox 888 2163 1022 2228; x_wconf 88' lang='lat' dir='ltr'><strong>malitia</strong></span> <span class='ocrx_word' id='word_1_113' title='bbox 1043 2163 1222 2274; x_wconf 49' lang='lat' dir='ltr'><strong>hosculum</strong></span> 
     </span>
    </p>
   </div>
   <div class='ocr_carea' id='block_1_6' title="bbox 158 2246 1217 2347">
    <p class='ocr_par' dir='ltr' id='par_1_6' title="bbox 158 2246 1217 2347">
     <span class='ocr_line' id='line_1_18' title="bbox 158 2246 1217 2347; baseline -0.003 -20"><span class='ocrx_word' id='word_1_114' title='bbox 158 2263 287 2327; x_wconf 91' lang='lat' dir='ltr'><strong>minum</strong></span> <span class='ocrx_word' id='word_1_115' title='bbox 312 2271 574 2346; x_wconf 88' lang='lat' dir='ltr'><strong>superterram,</strong></span> <span class='ocrx_word' id='word_1_116' title='bbox 595 2265 647 2329; x_wconf 92' lang='lat' dir='ltr'><strong>ita</strong></span> <span class='ocrx_word' id='word_1_117' title='bbox 672 2264 789 2347; x_wconf 89' lang='lat' dir='ltr'><strong>‘quod</strong></span> <span class='ocrx_word' id='word_1_118' title='bbox 813 2271 1014 2346; x_wconf 82' lang='lat' dir='ltr'><strong>corruperat</strong></span> <span class='ocrx_word' id='word_1_119' title='bbox 1035 2246 1217 2328; x_wconf 71' lang='lat' dir='ltr'><strong>ferelitlllt</strong></span> 
     </span>
    </p>
   </div>
   <div class='ocr_carea' id='block_1_7' title="bbox 158 2334 1311 4234">
    <p class='ocr_par' dir='ltr' id='par_1_7' title="bbox 158 2334 1311 4234">
     <span class='ocr_line' id='line_1_19' title="bbox 158 2334 1311 2447; baseline -0.004 -20"><span class='ocrx_word' id='word_1_120' title='bbox 158 2363 268 2427; x_wconf 89' lang='lat' dir='ltr'><strong>omnis</strong></span> <span class='ocrx_word' id='word_1_121' title='bbox 300 2383 382 2429; x_wconf 86' lang='lat' dir='ltr'><strong>caro</strong></span> <span class='ocrx_word' id='word_1_122' title='bbox 413 2383 529 2431; x_wconf 88' lang='lat' dir='ltr'><strong>coram</strong></span> <span class='ocrx_word' id='word_1_123' title='bbox 560 2364 710 2429; x_wconf 89' lang='lat' dir='ltr'><strong>Domino</strong></span> <span class='ocrx_word' id='word_1_124' title='bbox 739 2363 830 2428; x_wconf 88' lang='lat' dir='ltr'><strong>viam</strong></span> <span class='ocrx_word' id='word_1_125' title='bbox 862 2382 961 2428; x_wconf 91' lang='lat' dir='ltr'><strong>suam</strong></span> <span class='ocrx_word' id='word_1_126' title='bbox 980 2363 1002 2442; x_wconf 81' lang='lat'><strong>3’</strong></span> <span class='ocrx_word' id='word_1_127' title='bbox 1029 2363 1104 2447; x_wconf 89' lang='lat' dir='ltr'><strong>jam</strong></span> <span class='ocrx_word' id='word_1_128' title='bbox 1117 2334 1268 2424; x_wconf 44' lang='lat' dir='ltr'><strong>tibitibi*</strong></span> <span class='ocrx_word' id='word_1_129' title='bbox 1304 2397 1311 2405; x_wconf 92' lang='lat'><em>-</em></span> 
     </span>
     <span class='ocr_line' id='line_1_20' title="bbox 158 2435 1242 2546; baseline -0.002 -18"><span class='ocrx_word' id='word_1_130' title='bbox 158 2464 250 2528; x_wconf 87' lang='lat' dir='ltr'><strong>enim</strong></span> <span class='ocrx_word' id='word_1_131' title='bbox 274 2482 315 2527; x_wconf 96' lang='lat' dir='ltr'><strong>eo</strong></span> <span class='ocrx_word' id='word_1_132' title='bbox 340 2483 449 2546; x_wconf 86' lang='lat' dir='ltr'><strong>usque</strong></span> <span class='ocrx_word' id='word_1_133' title='bbox 473 2463 684 2546; x_wconf 83' lang='lat' dir='ltr'><strong>flagitiorum</strong></span> <span class='ocrx_word' id='word_1_134' title='bbox 706 2463 919 2528; x_wconf 88' lang='lat' dir='ltr'><strong>consuetudo</strong></span> <span class='ocrx_word' id='word_1_135' title='bbox 941 2435 1242 2546; x_wconf 48' lang='lat' dir='ltr'><strong>prorupe-‘h‘pwpk&#39;</strong></span> 
     </span>
     <span class='ocr_line' id='line_1_21' title="bbox 160 2562 1105 2647; baseline 0.003 -23"><span class='ocrx_word' id='word_1_136' title='bbox 160 2570 216 2627; x_wconf 89' lang='lat' dir='ltr'><strong>rat</strong></span> <span class='ocrx_word' id='word_1_137' title='bbox 239 2562 275 2625; x_wconf 93' lang='lat' dir='ltr'><strong>in</strong></span> <span class='ocrx_word' id='word_1_138' title='bbox 307 2563 449 2647; x_wconf 88' lang='lat' dir='ltr'><strong>populo,</strong></span> <span class='ocrx_word' id='word_1_139' title='bbox 475 2571 514 2628; x_wconf 91' lang='lat' dir='ltr'><strong>ut</strong></span> <span class='ocrx_word' id='word_1_140' title='bbox 536 2582 668 2640; x_wconf 87' lang='lat' dir='ltr'><strong>omnes,</strong></span> <span class='ocrx_word' id='word_1_141' title='bbox 695 2562 832 2646; x_wconf 87' lang='lat' dir='ltr'><strong>abjecto</strong></span> <span class='ocrx_word' id='word_1_142' title='bbox 860 2563 1105 2627; x_wconf 86' lang='lat' dir='ltr'><strong>erubescentiae</strong></span> 
     </span>
     <span class='ocr_line' id='line_1_22' title="bbox 158 2662 1105 2748; baseline 0 -21"><span class='ocrx_word' id='word_1_143' title='bbox 158 2662 249 2740; x_wconf 86' lang='lat' dir='ltr'><strong>velo,</strong></span> <span class='ocrx_word' id='word_1_144' title='bbox 281 2662 398 2744; x_wconf 87' lang='lat' dir='ltr'><strong>palam</strong></span> <span class='ocrx_word' id='word_1_145' title='bbox 430 2669 466 2727; x_wconf 88' lang='lat' dir='ltr'><strong>et</strong></span> <span class='ocrx_word' id='word_1_146' title='bbox 490 2663 619 2748; x_wconf 84' lang='lat' dir='ltr'><strong>passim</strong></span> <span class='ocrx_word' id='word_1_147' title='bbox 651 2663 696 2727; x_wconf 87' lang='lat' dir='ltr'><strong>ad</strong></span> <span class='ocrx_word' id='word_1_148' title='bbox 730 2663 847 2744; x_wconf 86' lang='lat' dir='ltr'><strong>turpia</strong></span> <span class='ocrx_word' id='word_1_149' title='bbox 882 2662 1105 2727; x_wconf 86' lang='lat' dir='ltr'><strong>declinarent.</strong></span> 
     </span>
     <span class='ocr_line' id='line_1_23' title="bbox 160 2760 1106 2845; baseline -0.002 -18"><span class='ocrx_word' id='word_1_150' title='bbox 160 2761 297 2838; x_wconf 78' lang='lat' dir='ltr'><strong>Caedes,</strong></span> <span class='ocrx_word' id='word_1_151' title='bbox 318 2762 472 2845; x_wconf 89' lang='lat' dir='ltr'><strong>rapinas,</strong></span> <span class='ocrx_word' id='word_1_152' title='bbox 492 2762 674 2839; x_wconf 86' lang='lat' dir='ltr'><strong>adulteria,</strong></span> <span class='ocrx_word' id='word_1_153' title='bbox 694 2760 942 2837; x_wconf 87' lang='lat' dir='ltr'><strong>immunditias,</strong></span> <span class='ocrx_word' id='word_1_154' title='bbox 964 2760 1106 2826; x_wconf 90' lang='lat' dir='ltr'><strong>menda·</strong></span> 
     </span>
     <span class='ocr_line' id='line_1_24' title="bbox 159 2860 1214 2944; baseline -0.002 -19"><span class='ocrx_word' id='word_1_155' title='bbox 159 2862 226 2939; x_wconf 92' lang='lat' dir='ltr'><strong>cia,</strong></span> <span class='ocrx_word' id='word_1_156' title='bbox 248 2861 473 2944; x_wconf 83' lang='lat' dir='ltr'><strong>proditiones,</strong></span> <span class='ocrx_word' id='word_1_157' title='bbox 489 2862 733 2927; x_wconf 85' lang='lat' dir='ltr'><strong>dissolutiones</strong></span> <span class='ocrx_word' id='word_1_158' title='bbox 757 2860 802 2924; x_wconf 89' lang='lat' dir='ltr'><strong>ad</strong></span> <span class='ocrx_word' id='word_1_159' title='bbox 818 2861 946 2942; x_wconf 88' lang='lat' dir='ltr'><strong>turpia,</strong></span> <span class='ocrx_word' id='word_1_160' title='bbox 964 2861 1106 2941; x_wconf 79' lang='lat' dir='ltr'><strong>longum</strong></span> <span class='ocrx_word' id='word_1_161' title='bbox 1210 2930 1214 2940; x_wconf 21' lang='lat' dir='ltr'>q</span> 
     </span>
     <span class='ocr_line' id='line_1_25' title="bbox 159 2959 1106 3046; baseline -0.003 -21"><span class='ocrx_word' id='word_1_162' title='bbox 159 2969 213 3026; x_wconf 88' lang='lat' dir='ltr'><strong>est</strong></span> <span class='ocrx_word' id='word_1_163' title='bbox 235 2980 449 3039; x_wconf 90' lang='lat' dir='ltr'><strong>enumerare,</strong></span> <span class='ocrx_word' id='word_1_164' title='bbox 475 2961 649 3044; x_wconf 84' lang='lat' dir='ltr'><strong>praecipue</strong></span> <span class='ocrx_word' id='word_1_165' title='bbox 679 2959 792 3037; x_wconf 92' lang='lat' dir='ltr'><strong>nobis,</strong></span> <span class='ocrx_word' id='word_1_166' title='bbox 819 2960 960 3046; x_wconf 86' lang='lat' dir='ltr'><strong>quires</strong></span> <span class='ocrx_word' id='word_1_167' title='bbox 988 2967 1106 3040; x_wconf 86' lang='lat' dir='ltr'><strong>gestas</strong></span> 
     </span>
     <span class='ocr_line' id='line_1_26' title="bbox 158 3058 1107 3127; baseline -0.003 -3"><span class='ocrx_word' id='word_1_168' title='bbox 158 3061 351 3125; x_wconf 89' lang='lat' dir='ltr'><strong>describere</strong></span> <span class='ocrx_word' id='word_1_169' title='bbox 367 3061 592 3127; x_wconf 83' lang='lat' dir='ltr'><strong>destinamus.</strong></span> <span class='ocrx_word' id='word_1_170' title='bbox 643 3058 882 3125; x_wconf 87' lang='lat' dir='ltr'><strong>Veruntamen</strong></span> <span class='ocrx_word' id='word_1_171' title='bbox 903 3079 982 3122; x_wconf 91' lang='lat' dir='ltr'><strong>cnm</strong></span> <span class='ocrx_word' id='word_1_172' title='bbox 997 3059 1107 3123; x_wconf 88' lang='lat' dir='ltr'><strong>bostis</strong></span> 
     </span>
     <span class='ocr_line' id='line_1_27' title="bbox 159 3158 1108 3244; baseline -0.003 -19"><span class='ocrx_word' id='word_1_173' title='bbox 159 3160 219 3226; x_wconf 89' lang='lat' dir='ltr'><strong>ille</strong></span> <span class='ocrx_word' id='word_1_174' title='bbox 245 3161 410 3242; x_wconf 87' lang='lat' dir='ltr'><strong>antiquus</strong></span> <span class='ocrx_word' id='word_1_175' title='bbox 438 3160 670 3244; x_wconf 89' lang='lat' dir='ltr'><strong>corruptionis</strong></span> <span class='ocrx_word' id='word_1_176' title='bbox 698 3158 859 3241; x_wconf 86' lang='lat' dir='ltr'><strong>spiritum</strong></span> <span class='ocrx_word' id='word_1_177' title='bbox 887 3158 990 3240; x_wconf 82' lang='lat' dir='ltr'><strong>longe</strong></span> <span class='ocrx_word' id='word_1_178' title='bbox 1020 3158 1108 3222; x_wconf 86' lang='lat' dir='ltr'><strong>late·</strong></span> 
     </span>
     <span class='ocr_line' id='line_1_28' title="bbox 160 3256 1107 3341; baseline -0.004 -18"><span class='ocrx_word' id='word_1_179' title='bbox 160 3278 228 3341; x_wconf 91' lang='lat' dir='ltr'><strong>que</strong></span> <span class='ocrx_word' id='word_1_180' title='bbox 248 3259 509 3325; x_wconf 87' lang='lat' dir='ltr'><strong>disseminasset</strong></span> <span class='ocrx_word' id='word_1_181' title='bbox 525 3260 562 3325; x_wconf 94' lang='lat' dir='ltr'><strong>in</strong></span> <span class='ocrx_word' id='word_1_182' title='bbox 580 3260 675 3336; x_wconf 87' lang='lat' dir='ltr'><strong>orbe,</strong></span> <span class='ocrx_word' id='word_1_183' title='bbox 697 3258 881 3340; x_wconf 89' lang='lat' dir='ltr'><strong>specialius</strong></span> <span class='ocrx_word' id='word_1_184' title='bbox 903 3264 1019 3323; x_wconf 89' lang='lat' dir='ltr'><strong>tamen</strong></span> <span class='ocrx_word' id='word_1_185' title='bbox 1045 3256 1107 3339; x_wconf 88' lang='lat' dir='ltr'><strong>Sy-</strong></span> 
     </span>
     <span class='ocr_line' id='line_1_29' title="bbox 159 3357 1108 3442; baseline -0.004 -20"><span class='ocrx_word' id='word_1_186' title='bbox 159 3359 247 3423; x_wconf 91' lang='lat' dir='ltr'><strong>riam</strong></span> <span class='ocrx_word' id='word_1_187' title='bbox 276 3360 472 3442; x_wconf 91' lang='lat' dir='ltr'><strong>occupavit,</strong></span> <span class='ocrx_word' id='word_1_188' title='bbox 498 3366 534 3424; x_wconf 91' lang='lat' dir='ltr'><strong>et</strong></span> <span class='ocrx_word' id='word_1_189' title='bbox 559 3358 649 3422; x_wconf 91' lang='lat' dir='ltr'><strong>unde</strong></span> <span class='ocrx_word' id='word_1_190' title='bbox 677 3365 813 3423; x_wconf 75' lang='lat' dir='ltr'><strong>caeterae</strong></span> <span class='ocrx_word' id='word_1_191' title='bbox 843 3357 1002 3438; x_wconf 85' lang='lat' dir='ltr'><strong>regiones</strong></span> <span class='ocrx_word' id='word_1_192' title='bbox 1032 3375 1108 3419; x_wconf 89' lang='lat' dir='ltr'><strong>sus-</strong></span> 
     </span>
     <span class='ocr_line' id='line_1_30' title="bbox 161 3456 1107 3541; baseline -0.005 -19"><span class='ocrx_word' id='word_1_193' title='bbox 161 3465 325 3541; x_wconf 87' lang='lat' dir='ltr'><strong>ceperant</strong></span> <span class='ocrx_word' id='word_1_194' title='bbox 347 3458 523 3541; x_wconf 79' lang='lat' dir='ltr'><strong>religionis</strong></span> <span class='ocrx_word' id='word_1_195' title='bbox 552 3456 745 3534; x_wconf 83' lang='lat' dir='ltr'><strong>exordium,</strong></span> <span class='ocrx_word' id='word_1_196' title='bbox 775 3457 854 3521; x_wconf 88' lang='lat' dir='ltr'><strong>inde</strong></span> <span class='ocrx_word' id='word_1_197' title='bbox 886 3463 968 3521; x_wconf 91' lang='lat' dir='ltr'><strong>tunc</strong></span> <span class='ocrx_word' id='word_1_198' title='bbox 1001 3456 1107 3520; x_wconf 86' lang='lat' dir='ltr'><strong>totius</strong></span> 
     </span>
     <span class='ocr_line' id='line_1_31' title="bbox 160 3554 1107 3638; baseline -0.003 -18"><span class='ocrx_word' id='word_1_199' title='bbox 160 3556 386 3622; x_wconf 79' lang='lat' dir='ltr'><strong>immunditiae</strong></span> <span class='ocrx_word' id='word_1_200' title='bbox 424 3559 607 3627; x_wconf 82' lang='lat' dir='ltr'><strong>sumebant</strong></span> <span class='ocrx_word' id='word_1_201' title='bbox 623 3623 625 3626; x_wconf 10' lang='grc' dir='ltr'><em>Α</em></span> <span class='ocrx_word' id='word_1_202' title='bbox 639 3556 847 3638; x_wconf 84' lang='lat' dir='ltr'><strong>exemplum.</strong></span> <span class='ocrx_word' id='word_1_203' title='bbox 914 3554 1010 3618; x_wconf 94' lang='lat' dir='ltr'><strong>Hinc</strong></span> <span class='ocrx_word' id='word_1_204' title='bbox 1041 3554 1107 3636; x_wconf 80' lang='lat' dir='ltr'><strong>igi·</strong></span> 
     </span>
     <span class='ocr_line' id='line_1_32' title="bbox 161 3653 1107 3739; baseline -0.004 -19"><span class='ocrx_word' id='word_1_205' title='bbox 161 3663 218 3721; x_wconf 90' lang='lat' dir='ltr'><strong>tur</strong></span> <span class='ocrx_word' id='word_1_206' title='bbox 240 3657 411 3725; x_wconf 90' lang='lat' dir='ltr'><strong>Dominus</strong></span> <span class='ocrx_word' id='word_1_207' title='bbox 435 3665 471 3725; x_wconf 87' lang='lat' dir='ltr'><strong>et</strong></span> <span class='ocrx_word' id='word_1_208' title='bbox 490 3656 653 3739; x_wconf 76' lang='lat' dir='ltr'><strong>Salvator</strong></span> <span class='ocrx_word' id='word_1_209' title='bbox 675 3655 806 3732; x_wconf 88' lang='lat' dir='ltr'><strong>mundi,</strong></span> <span class='ocrx_word' id='word_1_210' title='bbox 825 3662 953 3719; x_wconf 88' lang='lat' dir='ltr'><strong>terram</strong></span> <span class='ocrx_word' id='word_1_211' title='bbox 981 3653 1107 3717; x_wconf 91' lang='lat' dir='ltr'><strong>nativi-</strong></span> 
     </span>
     <span class='ocr_line' id='line_1_33' title="bbox 161 3752 1108 3840; baseline -0.007 -19"><span class='ocrx_word' id='word_1_212' title='bbox 161 3756 256 3835; x_wconf 88' lang='lat' dir='ltr'><strong>tatis,</strong></span> <span class='ocrx_word' id='word_1_213' title='bbox 279 3755 450 3840; x_wconf 87' lang='lat' dir='ltr'><strong>passionis</strong></span> <span class='ocrx_word' id='word_1_214' title='bbox 471 3763 508 3822; x_wconf 88' lang='lat' dir='ltr'><strong>et</strong></span> <span class='ocrx_word' id='word_1_215' title='bbox 524 3755 783 3821; x_wconf 86' lang='lat' dir='ltr'><strong>resurrectionis</strong></span> <span class='ocrx_word' id='word_1_216' title='bbox 808 3773 881 3819; x_wconf 86' lang='lat' dir='ltr'><strong>suae</strong></span> <span class='ocrx_word' id='word_1_217' title='bbox 903 3752 1108 3834; x_wconf 84' lang='lat' dir='ltr'><strong>intnrpitu·</strong></span> 
     </span>
     <span class='ocr_line' id='line_1_34' title="bbox 159 3851 1108 3939; baseline -0.005 -20"><span class='ocrx_word' id='word_1_218' title='bbox 159 3853 251 3921; x_wconf 87' lang='lat' dir='ltr'><strong>dinis</strong></span> <span class='ocrx_word' id='word_1_219' title='bbox 264 3858 428 3939; x_wconf 87' lang='lat' dir='ltr'><strong>abyssum</strong></span> <span class='ocrx_word' id='word_1_220' title='bbox 444 3856 614 3923; x_wconf 86' lang='lat' dir='ltr'><strong>corruisse</strong></span> <span class='ocrx_word' id='word_1_221' title='bbox 630 3854 858 3936; x_wconf 87' lang='lat' dir='ltr'><strong>conspiciens,</strong></span> <span class='ocrx_word' id='word_1_222' title='bbox 871 3851 1108 3915; x_wconf 85' lang='lat' dir='ltr'><strong>haereditatem</strong></span> 
     </span>
     <span class='ocr_line' id='line_1_35' title="bbox 159 3949 1108 4037; baseline -0.006 -19"><span class='ocrx_word' id='word_1_223' title='bbox 159 3972 258 4019; x_wconf 89' lang='lat' dir='ltr'><strong>suam</strong></span> <span class='ocrx_word' id='word_1_224' title='bbox 275 3955 419 4037; x_wconf 89' lang='lat' dir='ltr'><strong>sprevit,</strong></span> <span class='ocrx_word' id='word_1_225' title='bbox 437 3961 473 4019; x_wconf 90' lang='lat' dir='ltr'><strong>et</strong></span> <span class='ocrx_word' id='word_1_226' title='bbox 489 3955 625 4037; x_wconf 78' lang='lat' dir='ltr'><strong>virgam</strong></span> <span class='ocrx_word' id='word_1_227' title='bbox 642 3953 768 4018; x_wconf 86' lang='lat' dir='ltr'><strong>furoris</strong></span> <span class='ocrx_word' id='word_1_228' title='bbox 786 3953 853 4030; x_wconf 87' lang='lat' dir='ltr'><strong>sui,</strong></span> <span class='ocrx_word' id='word_1_229' title='bbox 867 3950 1029 4017; x_wconf 87' lang='lat' dir='ltr'><strong>videlicet</strong></span> <span class='ocrx_word' id='word_1_230' title='bbox 1045 3949 1108 4013; x_wconf 89' lang='lat' dir='ltr'><strong>Sa-</strong></span> 
     </span>
     <span class='ocr_line' id='line_1_36' title="bbox 159 4047 1110 4136; baseline -0.007 -18"><span class='ocrx_word' id='word_1_231' title='bbox 159 4053 347 4131; x_wconf 86' lang='lat' dir='ltr'><strong>laadinum,</strong></span> <span class='ocrx_word' id='word_1_232' title='bbox 368 4055 405 4118; x_wconf 93' lang='lat' dir='ltr'><strong>in</strong></span> <span class='ocrx_word' id='word_1_233' title='bbox 427 4054 612 4134; x_wconf 80' lang='lat' dir='ltr'><strong>obstinatae</strong></span> <span class='ocrx_word' id='word_1_234' title='bbox 640 4052 753 4136; x_wconf 81' lang='lat' dir='ltr'><strong>gentis</strong></span> <span class='ocrx_word' id='word_1_235' title='bbox 773 4050 930 4135; x_wconf 90' lang='lat' dir='ltr'><strong>permisit</strong></span> <span class='ocrx_word' id='word_1_236' title='bbox 946 4047 1110 4114; x_wconf 80' lang='lat' dir='ltr'><strong>extermi-</strong></span> 
     </span>
     <span class='ocr_line' id='line_1_37' title="bbox 159 4144 1111 4234; baseline -0.009 -14"><span class='ocrx_word' id='word_1_237' title='bbox 159 4153 254 4220; x_wconf 82' lang='lat' dir='ltr'><strong>nium</strong></span> <span class='ocrx_word' id='word_1_238' title='bbox 277 4144 507 4234; x_wconf 61' lang='lat' dir='ltr'><strong>debacchari,</strong></span> <span class='ocrx_word' id='word_1_239' title='bbox 543 4153 666 4220; x_wconf 87' lang='lat' dir='ltr'><strong>maluit</strong></span> <span class='ocrx_word' id='word_1_240' title='bbox 689 4152 781 4218; x_wconf 90' lang='lat' dir='ltr'><strong>enim</strong></span> <span class='ocrx_word' id='word_1_241' title='bbox 804 4158 931 4217; x_wconf 87' lang='lat' dir='ltr'><strong>terram</strong></span> <span class='ocrx_word' id='word_1_242' title='bbox 955 4155 1111 4213; x_wconf 83' lang='lat' dir='ltr'><strong>sanctam</strong></span> 
     </span>
    </p>
   </div>
   <div class='ocr_carea' id='block_1_8' title="bbox 962 4269 1006 4317">
    <p class='ocr_par' dir='ltr' id='par_1_8' title="bbox 962 4269 1006 4317">
     <span class='ocr_line' id='line_1_38' title="bbox 962 4269 1006 4317; baseline 0.068 -3"><span class='ocrx_word' id='word_1_243' title='bbox 962 4269 1006 4317; x_wconf 77' lang='lat'><strong>02</strong></span> 
     </span>
    </p>
   </div>
   <div class='ocr_carea' id='block_1_9' title="bbox 0 0 1436 4866">
    <p class='ocr_par' dir='ltr' id='par_1_9' title="bbox 0 0 1436 4866">
     <span class='ocr_line' id='line_1_39' title="bbox 0 0 1436 4866; baseline 0 0"><span class='ocrx_word' id='word_1_244' title='bbox 0 0 1436 4866; x_wconf 95' lang='lat' dir='ltr'><strong> </strong></span> 
     </span>
    </p>
   </div>
  </div>
 </body>
</html>
