2864 4866
333 397 399 461 156
590 411 722 459 nocent
747 411 794 458 nn
818 411 1026 459 wunnovnn

168 589 291 630 nonin.
331 558 435 635 miser
449 590 513 652 ego
535 570 722 652 deputatus
747 589 837 646 sum,
862 569 971 632 oculis
994 567 1079 630 meis
1105 567 1283 649 conspexi.

330 671 408 746 Va,
427 691 481 735 vae
499 670 602 734 mihi!
633 688 741 752 quare
767 675 1006 732 torneamenta
1031 668 1171 731 exercui
1195 675 1230 730 et
1246 686 1288 730 ea

330 777 429 835 tanto
458 770 573 834 studio
595 769 739 833 dilexil’
792 768 856 832 Cui
880 767 998 843 frater,
1021 766 1195 845 ‘Nonne,’
1225 768 1287 844 ait,

331 876 392 934 ‘et
409 879 446 934 tu
473 869 699 934 salvaberisl'
752 869 799 932 Et
820 868 892 944 ille,
911 867 1127 944 ‘Salvab0r,’
1150 867 1286 949 inquit;

331 976 460 1033 ‘unum
487 970 576 1033 enim
607 988 695 1051 opus
723 969 759 1031 in
783 968 948 1032 honorem
977 974 1153 1049 perpetuae
1180 967 1288 1047 virgi-

330 1070 449 1134 nitatis
478 1069 614 1146 Mariae,
645 1088 707 1150 per
740 1088 845 1150 quam
878 1068 1053 1143 salvabor,
1079 1066 1169 1131 feci!
1222 1065 1288 1130 Cui

332 1169 552 1251 Radulphus,
570 1175 579 1203 ‘
597 1168 764 1250 Nunquid
784 1168 967 1250 supplicia,
986 1168 1111 1250 quibus
1128 1166 1286 1230 addictus

331 1289 380 1347 es,
398 1277 437 1334 ut
453 1268 550 1347 dicis,
568 1269 729 1351 operibus
745 1268 858 1345 bonis,
876 1267 1041 1331 missiset
1060 1267 1286 1349 eleemosynis

331 1376 498 1451 poterunt
513 1369 663 1449 mitigari
673 1369 700 1432 l’
738 1367 796 1432 Ad
807 1368 883 1432 haec
901 1367 1074 1449 Rogerus,
1091 1374 1100 1402 ‘
1115 1366 1286 1431 Poterunt

332 1468 493 1550 quidem’
537 1469 609 1532 ‘Et
631 1468 720 1550 ego,’
744 1470 794 1531 ait
821 1467 1040 1550 Radulphus,
1059 1467 1143 1531 ‘tibi
1169 1466 1205 1529 in
1229 1487 1286 1531 ve-

332 1567 436 1632 ritate
461 1568 639 1650 promitto,
667 1587 721 1632 me
754 1587 817 1650 pro
846 1568 969 1631 salute¹
984 1575 1105 1631 nostra
1133 1574 1168 1630 et
1189 1574 1287 1630 ante-

332 1687 508 1732 cessorum
526 1675 722 1732 nostrorum
740 1669 877 1733 domum
901 1667 1080 1748 religionis
1103 1666 1288 1743 facturum,

332 1788 436 1851 quam
468 1789 546 1831 cum
578 1769 755 1832 monacbis
793 1768 964 1847 religiosis
992 1767 1193 1850 implevero,
1222 1787 1286 1848 pro

331 1869 536 1933 liberatione
557 1869 681 1932 animae
701 1874 827 1933 vestrae
845 1874 879 1931 et
897 1867 1188 1949 praedecessorum
1206 1887 1288 1930 nos-

332 1975 464 2032 trornm
476 1969 589 2032 Deum
603 1969 811 2032 aeternaliter
821 1966 1056 2031 invocabunt?
1091 1966 1286 2048 Respondit

333 2068 506 2150 Rogerus,
530 2068 843 2132 ‘Promissionibus
864 2068 933 2131 tuis
957 2066 1104 2129 multum
1133 2067 1285 2148 indigeo,

332 2168 392 2232 sed
416 2168 502 2232 nihil
526 2188 646 2251 quaeso
667 2168 752 2231 mihi
778 2167 974 2249 promittas,
994 2167 1061 2230 nisi
1083 2166 1174 2248 quod
1195 2167 1287 2230 desi·

333 2268 434 2331 deras
457 2268 580 2332 effectu
605 2266 797 2351 complere?
842 2268 889 2330 Et
904 2268 953 2330 sic
969 2267 1067 2330 fratri
1084 2267 1286 2349 cunctisque

334 2367 551 2432 adstantibus
568 2367 764 2432 valedicens
781 2367 940 2449 spiritum
963 2366 1075 2430 denuo
1096 2365 1285 2431 exhalavit.

334 2466 470 2530 Deinde
505 2467 712 2549 Radulphus
742 2467 849 2531 frater
876 2467 951 2550 ejus
977 2467 1012 2529 in
1037 2466 1156 2529 eodem
1183 2485 1287 2545 anno,

334 2567 424 2630 sicut
444 2567 660 2649 promiserat,
679 2568 852 2631 abbatiam
871 2567 906 2628 in
925 2566 1080 2648 partibus
1097 2565 1286 2630 occidentis

240 2742 243 2749 Ι
334 2667 433 2746 regni
448 2664 587 2748 Angliae
604 2673 806 2730 construens
827 2666 1014 2730 monachos
1038 2664 1285 2730 cistercienses

334 2767 511 2847 imposuit,
537 2773 572 2830 et
591 2766 704 2829 locum
726 2765 863 2848 praediis
886 2772 921 2829 et
937 2765 1111 2829 benefieiis
1127 2785 1195 2829 non
1213 2787 1286 2831 mo·

335 2865 421 2929 dicis
437 2866 629 2947 ampliavit.

347 3038 396 3102 Dc
411 3038 614 3104 translatione
628 3039 797 3118 Richards,
815 3040 1054 3106 Scresbiriensis
1068 3040 1212 3126 ariocopi,
1227 3041 1274 3105 ad

709 3141 907 3205 banormum.

173 3287 302 3348 menna
386 3263 517 3327 Eodem
535 3283 637 3340 anno,
653 3271 791 3328 cassata
801 3264 923 3328 Romae
941 3265 1109 3329 electione
1126 3265 1286 3347 magistri

173 3339 502 3428 lallllllowillelmi
534 3364 640 3441 Scoti,
665 3364 908 3428 Dunelmensis
940 3364 1051 3443 electi,
1077 3365 1286 3442 Richardus,

175 3439 280 3479 Dum
337 3462 598 3528 Saresbiriensis
614 3465 808 3547 episcopus,
823 3464 866 3528 ad
885 3465 1031 3528 eundem
1048 3466 1285 3548 episcopatum
1307 3523 1309 3526 ,

337 3561 467 3626 electus
477 3571 531 3627 est
543 3572 579 3628 et
590 3564 779 3628 translatus
793 3583 802 3640 ;
827 3572 907 3646 post
919 3564 1018 3647 cujus
1034 3567 1285 3647 promotionem

337 3663 492 3726 canonici
505 3663 773 3727 Saresbirienses
791 3664 970 3746 elegerunt
979 3666 1183 3745 magistrum
1193 3659 1202 3695 ¹
1211 3665 1285 3729 Ro-

336 3761 469 3825 bertum
487 3762 691 3843 Bingeham,
707 3764 952 3828 cocanonicum
967 3784 1079 3842 suum,
1099 3766 1135 3827 in
1156 3766 1287 3828 anima-

337 3881 411 3923 rum
428 3881 567 3925 suarum
583 3864 781 3945 episcopum
796 3870 830 3927 et
847 3871 1032 3946 pastorem.
1069 3863 1150 3942 Quo
1164 3866 1285 3948 utique

337 3980 428 4024 anno
450 3963 565 4026 decisa
588 3970 640 4027 est
656 3965 831 4027 contentio
844 3964 934 4028 inter
951 3964 1136 4028 monachos
1149 3963 1285 4028 (loven-

372 4132 522 4187 ¹Robertum
544 4141 720 4205 Bingebrm.]
755 4143 798 4191 He
824 4143 890 4192 Beth
906 4148 934 4192 at
951 4144 1055 4204 wilton,
1069 4159 1101 4192 on
1121 4143 1163 4192 the
1183 4145 1243 4193 nith
1261 4147 1290 4194 ol

337 4221 391 4256 was
401 4212 562 4260 consecrated
574 4213 608 4274 by
619 4212 661 4261 the
673 4213 763 4275 bishop
772 4213 801 4262 of
824 4214 886 4276 May
897 4230 905 4275 ;
921 4214 1015 4264 Annal.
1027 4214 1137 4264 Waverl.
1148 4229 1175 4276 p.
1188 4219 1245 4266 192.
