2864 4866
365 405 408 468 34
624 422 758 470 nocnru
783 423 831 469 nn
854 420 1061 468 wnunovna

208 595 261 635 an·
274 592 329 633 12¹⁷·
369 599 475 645 naves
498 598 625 661 magno
648 579 764 644 studio
783 577 969 643 fabricatas
992 575 1138 657 ingressi
1160 582 1253 652 sunt,
1277 581 1320 638 ut

368 688 452 745 vota
477 699 549 743 snae
572 677 858 762 peregrinationis
884 675 1105 741 exsolverent
1126 674 1319 752 Crucifixo,

369 780 429 861 qni
462 780 637 844 sulcantes
669 797 812 862 aequora
839 777 925 843 velis
963 774 1175 858 patentibus,
1204 774 1320 859 major

369 898 450 961 pars
475 898 593 943 eorum
615 899 692 944 cnm
721 897 849 960 magna
873 876 1080 940 bellatorum
1103 875 1232 939 virtute
1254 893 1319 957 ap-

369 979 490 1061 plicuit
521 978 757 1056 Lissebouam,
791 976 850 1041 ubi
882 977 973 1041 inter
1003 994 1062 1040 eos
1094 981 1219 1039 exorta
1247 973 1321 1038 dis-

370 1079 484 1142 sensio
514 1079 550 1142 in
576 1078 754 1143 obsidione
788 1077 969 1161 cujusdam
1001 1077 1106 1140 castri
1128 1074 1320 1151 fortissimi,

370 1179 462 1260 quod
477 1176 646 1243 Alchacia
662 1184 893 1261 nuncupatur,
910 1176 1116 1260 quibusdam
1133 1173 1320 1258 procedere

371 1278 600 1360 cupientibus,
636 1278 713 1343 aliis
746 1277 870 1342 ibidem
905 1276 1102 1342 volentibus
1131 1273 1320 1357 hyemare3

371 1378 489 1460 sicque
508 1379 619 1442 classe
635 1379 759 1455 divisa,
777 1397 858 1461 pars
875 1375 968 1460 apud
986 1370 1161 1460 ¹Cajetam
1179 1380 1215 1437 et
1231 1373 1322 1438 Tor·

371 1484 489 1542 netum
523 1478 709 1561 hyemavit,
742 1485 777 1542 et
805 1497 885 1561 pars
922 1477 1033 1542 altera
1066 1475 1152 1539 dnos
1188 1474 1320 1537 habens

371 1577 583 1659 capitaneos,
600 1577 814 1642 Willelmum
836 1576 968 1643 scilicet
987 1575 1175 1639 Holandiae
1197 1573 1321 1637 ducem

371 1684 406 1740 et
428 1678 588 1742 comitem
614 1677 657 1741 de
679 1677 779 1742 Weiz
803 1677 1005 1759 Georgium,
1028 1673 1231 1740 Alchaciam
1256 1674 1321 1738 ob·

371 1777 473 1854 sedit,
495 1778 555 1860 qni
579 1798 657 1842 cnm
684 1779 796 1843 adhuc
817 1779 854 1841 in
880 1777 1057 1842 obsidione
1085 1782 1213 1852 essent,
1236 1793 1321 1838 con·

370 1885 516 1959 gregata
548 1886 601 1944 est
633 1886 754 1943 contra
790 1897 849 1942 eos
883 1876 1132 1941 Saracenorum
1165 1874 1321 1938 maxima

370 1977 568 2056 multitudo,
597 1986 718 2042 contra
749 1997 853 2061 quam
883 1977 1000 2041 fideles
1028 1976 1173 2041 viriliter
1203 1975 1322 2040 decer-

371 2083 485 2140 tantes
511 2078 641 2142 virtute
669 2078 787 2142 divina
817 2076 973 2141 infideles
1003 2076 1172 2141 vicerunt.
1238 2073 1320 2138 Rex

371 2193 460 2238 nnus
488 2194 703 2258 paganorum
734 2178 868 2242 occisus
892 2183 957 2254 est,
979 2185 1015 2240 et
1036 2175 1137 2239 multi
1155 2173 1321 2239 trucidati

372 2281 477 2355 atque
504 2276 540 2338 in
569 2276 805 2359 captivitatem
836 2276 999 2354 adducti3
1035 2275 1214 2340 castellnm
1236 2294 1320 2339 vero

372 2375 509 2437 tandem
534 2395 595 2456 per
612 2375 848 2441 Teuthonicos
869 2384 1010 2460 captum
1034 2383 1087 2441 est
1105 2382 1141 2440 et
1156 2394 1179 2438 a
1199 2373 1318 2439 Chris·

371 2473 476 2538 tianis
495 2494 704 2556 possessum.

385 2643 434 2709 De
449 2644 601 2713 obsidione
619 2650 737 2715 castelli
753 2650 791 2715 de
804 2652 933 2716 Nemore
946 2660 974 2714 et
989 2648 1119 2714 Roderto
1133 2649 1170 2714 de
1187 2650 1302 2736 Gnaei.

210 2792 333 2890 affluo.
421 2768 526 2837 Anno
552 2774 674 2855 gratiae
698 2791 880 2839 ruccxvm.
903 2794 966 2838 rex
989 2774 1164 2839 Henricus
1191 2775 1235 2838 ad
1261 2794 1322 2839 na-

208 2892 308 2931 uewan.
372 2869 443 2933 tale
469 2872 610 2937 Domini
639 2874 705 2939 suit
730 2875 822 2957 apud
853 2874 889 2938 N
891 2874 1132 2952 orhantonam,
1159 2874 1320 2939 Falcasio

370 2970 476 3050 regiae
504 2972 686 3038 festivitati
713 2975 908 3038 necessaria
941 2975 1056 3038 omnia
1088 2976 1318 3039 ministrante.

372 3069 483 3134 Erant
506 3081 621 3136 autem
651 3073 704 3137 his
736 3074 856 3138 dlebus
886 3074 987 3138 multi
1013 3075 1049 3137 in
1076 3072 1218 3157 Anglia,
1241 3075 1318 3156 qui-

371 3169 436 3232 bus
456 3177 611 3254 tempore
638 3174 718 3237 belli
749 3174 918 3256 praeteriti
942 3174 1177 3239 dulcissimum
1204 3170 1318 3240 luserat

371 3270 413 3332 de
446 3271 577 3353 rapinis
602 3274 743 3349 vixisse,
772 3274 863 3337 unde
887 3293 978 3337 nuno
1011 3281 1091 3356 post
1112 3293 1233 3356 pacem
1261 3273 1320 3339 de-

371 3371 565 3434 nuntiatam
589 3380 624 3436 et
643 3373 801 3437 omnibus
821 3393 1019 3438 concessam
1042 3393 1110 3438 non
1131 3380 1319 3456 potuerunt

372 3487 494 3533 manus
524 3489 546 3532 a
570 3473 688 3554 praeda
715 3474 900 3553 cohibere;
932 3472 1054 3537 horum
1081 3479 1197 3536 autem
1226 3475 1318 3555 prin·

371 3568 500 3650 cipales
522 3569 661 3636 suerunt
680 3571 887 3651 incentores,
904 3572 1102 3637 Willelmus
1123 3592 1236 3637 comes
1253 3570 1318 3637 Al·

369 3667 557 3747 bemarliae,
585 3671 764 3737 Falcasius
795 3693 873 3737 cum
902 3673 974 3736 suis
1002 3673 1212 3751 castellanis,
1243 3672 1318 3738 Ro-

368 3766 487 3833 bertus
537 3771 579 3832 de
613 3770 871 3855 Veteri-ponte,
911 3772 1059 3839 Brienus
1102 3773 1144 3837 de
1184 3772 1319 3853 Insula,

370 3865 479 3949 Hugo
502 3869 544 3932 de
571 3869 711 3950 Baillul,
735 3872 918 3956 Philippus
952 3873 1064 3938 Marci
1086 3880 1121 3938 et
1142 3873 1318 3938 Robertus

369 3965 411 4030 de
430 3965 558 4050 Gaugi,
575 3989 652 4033 cum
675 3972 753 4036 aliis
776 3973 905 4054 multis,
924 3973 984 4056 qni
1002 3973 1147 4038 castella
1164 3994 1317 4057 quorun-

403 4141 528 4205 ¹quetom
538 4150 564 4194 et
573 4147 723 4212 rometam]
741 4149 828 4201 ‘Gne
852 4155 1025 4215 aco,p.lltl;
1044 4152 1166 4215 probably
1174 4152 1212 4203 scr
1221 4153 1316 4204 Gaetta

365 4215 594 4266 tametCometum
603 4213 621 4279 ς’
639 4219 698 4270 Jac.
710 4220 827 4270 deVitri·
852 4221 903 4272 and
914 4222 1040 4273 Scrrento.
