2864 4866
344 396 410 460 230
600 409 735 457 aornar
760 409 807 455 na
830 407 1038 456 wannovna

187 591 242 632 nn.
253 589 309 629 12³1·
348 571 505 636 similiter
531 578 567 634 et
594 589 749 651 regnum,
773 569 924 632 nitamur
949 575 1063 631 atam
1092 567 1191 648 gravi
1212 567 1301 650 jugo

350 671 528 738 servitutis
545 671 688 755 eripere,
706 671 798 734 circa
819 688 891 746 eos,
914 668 974 751 qui
996 668 1039 732 de
1058 667 1227 732 Romanis
1244 668 1302 732 vel

350 793 469 838 eorum
491 771 680 835 redditibus
708 790 746 834 sc
773 769 1019 845 intromittunt,
1047 769 1160 832 nullas
1184 774 1303 851 partes

350 880 486 938 vestras
501 873 719 954 interponere
733 870 971 952 praesumatis3
989 889 1053 952 pro
1065 874 1159 933 certo
1169 868 1303 944 scituri,

354 974 459 1056 quod,
477 973 507 1036 si
528 971 632 1055 hujus
656 971 823 1047 mandati,
852 970 944 1053 quod
969 970 1072 1045 absit,
1098 968 1303 1032 exstiteritis

352 1074 442 1137 forte
469 1080 755 1153 transgressores,
784 1090 863 1154 quae
888 1076 1005 1134 vestra
1036 1076 1117 1134 sunt
1144 1069 1304 1132 incendio

338 1160 596 1257 subjacebunt,
614 1177 650 1236 et
666 1190 818 1255 poenam,
838 1190 942 1253 quam
959 1169 1111 1234 Romani
1127 1169 1305 1234 incurrent

354 1275 390 1337 in
406 1273 574 1357 personia,
590 1290 652 1336 vos
670 1271 863 1335 incurretis.
917 1269 1068 1334 Valeta'

388 1447 566 1513 Prohibita
582 1468 619 1510 aa
632 1445 915 1529 reddunturfirmae
930 1445 978 1511 cal
992 1446 1132 1511 redditus
1146 1445 1267 1510 elauris

750 1547 912 1611 Bononia.

195 1690 346 1731 naturamve
409 1671 522 1738 ‘Item
548 1672 718 1754 religiosis
740 1678 775 1736 et
799 1672 888 1750 aliis,
913 1673 973 1756 qui
995 1672 1124 1736 habent
1145 1670 1309 1736 ecclesias

196 1739 350 1831 ibiibi&
361 1773 598 1839 Romanorum
614 1770 658 1836 ad
676 1773 821 1848 firmam,
832 1773 1040 1838 universitas
1057 1771 1236 1856 praedicta,
1252 1790 1309 1833 sa-

197 1842 273 1892 ⁰¹⁹¹ss
359 1874 479 1938 lutern
531 1872 618 1937 Cum
646 1880 726 1956 post
748 1873 1015 1938 innumerabiles
1034 1872 1251 1937 confusiones
1273 1878 1310 1935 et

360 1974 496 2038 infinita
510 1975 726 2056 gravamina,
745 1992 822 2056 quae
840 1973 1003 2051 Romani,
1019 1981 1058 2038 ut
1073 1973 1183 2049 scitiS,
1200 1991 1309 2053 regno

361 2074 500 2157 Angliae
523 2073 726 2137 inflixerunt
751 2071 795 2137 ad
819 2093 984 2157 praesens,
1010 2074 1046 2138 in
1071 2073 1310 2157 praejudicium

361 2176 453 2257 regis
471 2183 506 2239 et
521 2181 724 2256 magnatum
743 2175 853 2256 regni,
876 2175 968 2238 circa
990 2175 1234 2238 advocationes
1256 2193 1313 2236 eo-

362 2276 546 2339 clesiarum
563 2292 703 2339 suarum
723 2281 889 2338 eteorum
906 2275 1154 2357 eleemosynas
1169 2274 1227 2356 qui
1243 2273 1313 2337 cle·

362 2376 453 2441 ricos
474 2375 572 2457 regni
597 2374 747 2459 spoliare
773 2376 932 2440 nituntur
956 2375 1130 2439 beneficiis
1158 2375 1242 2450 suis,
1270 2381 1311 2438 ut

362 2495 404 2539 ea
419 2475 589 2539 Romanis
605 2474 796 2554 conferant,
808 2476 845 2540 in
860 2475 1025 2559 majorem
1043 2474 1142 2557 regni
1156 2481 1192 2539 et
1201 2474 1313 2539 nostri

360 2574 610 2652 confusionem,
625 2575 667 2639 de
683 2577 855 2640 communi
871 2576 1015 2641 consilio
1029 2582 1230 2658 magnatum
1246 2574 1310 2638 ele·

283 2755 286 2758 Ι
363 2676 489 2758 gimuS,
520 2676 602 2739 licet
631 2676 742 2754 tarde,
769 2677 941 2754 resistere,
972 2696 1077 2759 quam
1107 2695 1224 2740 eorum
1251 2695 1313 2757 op-

364 2775 599 2858 pressionibus
616 2776 888 2841 intolerabilibus
909 2777 1094 2841 decaetero
1118 2776 1310 2860 subjacere,

363 2884 399 2940 et
426 2896 485 2941 eos
516 2895 577 2959 per
610 2878 880 2942 subtractionem
905 2878 1144 2942 beneficiorum
1171 2895 1311 2940 suorum

364 2996 425 3058 per
455 2983 566 3040 totum
598 2997 756 3059 regnum,
781 2977 874 3061 quod
904 2979 982 3041 aliis
1010 2977 1235 3043 intendebant
1260 2978 1312 3040 in-

364 3076 465 3150 ferre,
482 3078 532 3140 sio
553 3085 698 3155 arctare,
721 3085 800 3142 uta
821 3078 918 3160 regni
940 3078 1181 3142 molestatione
1204 3078 1313 3142 desis-

365 3184 454 3241 tant.
508 3176 603 3241 Hinc
617 3179 776 3261 estquod
798 3179 897 3243 vobis
918 3179 1135 3255 mandamus
1156 3178 1312 3242 districte

364 3277 597 3360 injungentes,
615 3285 786 3361 quatenus
803 3279 845 3342 de
867 3278 975 3343 firmis
990 3278 1223 3355 ecclesiarum,
1237 3279 1312 3342 sive

364 3377 407 3440 de
423 3376 613 3441 redditibus
628 3398 852 3457 camerarum,
867 3399 953 3462 quas
968 3380 1011 3443 de
1029 3378 1197 3443 Romanis
1210 3377 1316 3443 habe-

365 3477 423 3553 tis,
447 3477 502 3541 vel
523 3476 655 3542 debetis
678 3480 738 3556 eiS,
761 3480 804 3544 de
826 3487 952 3544 caetero
974 3499 1043 3544 non
1065 3479 1315 3562 respondeatis,

364 3576 426 3640 sed
450 3577 561 3642 dictas
580 3579 696 3642 firmas
720 3587 756 3643 et
775 3580 930 3644 redditus
949 3580 1105 3644 habeatis
1121 3586 1263 3662 paratos
1277 3581 1315 3643 in
1338 3580 1341 3583 ’

364 3676 515 3740 crastino
542 3678 747 3756 Dominioae,
770 3699 840 3763 qua
864 3686 1025 3745 cantatur
1047 3680 1210 3743 ‘Laetare
1229 3680 1315 3743 Hie-

367 3777 541 3855 rusalem,’
552 3781 767 3860 procuratori
784 3787 903 3844 nostro
917 3780 1107 3845 literatorie
1121 3800 1143 3843 a
1158 3781 1256 3843 nobis
1270 3781 1315 3844 ad

365 3874 431 3938 hoc
461 3876 556 3954 dato,
587 3879 730 3944 abbates
755 3880 887 3946 scilicet
917 3888 952 3944 et
977 3881 1108 3964 priores
1134 3881 1314 3944 incorum

366 3977 596 4055 monasteriis
607 3979 667 4043 alii
683 4001 766 4044 vero
784 3983 977 4064 presbyteri
993 3988 1029 4046 et
1039 3980 1153 4045 clerici
1167 3981 1222 4045 vel
1234 3981 1315 4044 laici

365 4075 410 4137 ad
427 4077 584 4160 proprias
602 4080 764 4145 ccclesias
780 4081 1029 4159 Romanorum,
1046 4081 1206 4146 tradituri
1220 4101 1228 4160 ;
1252 4101 1317 4163 pro

367 4182 460 4240 certo
473 4178 635 4257 scientes,
652 4181 756 4263 quod,
771 4182 801 4246 si
815 4183 879 4247 hoc
895 4202 963 4247 non
976 4182 1137 4260 feceritis,
1152 4202 1228 4265 quaa
1241 4201 1316 4245 ves-
