2864 4866
413 397 553 446 ruerus
576 400 845 450 rusronrnnunr.
1048 389 1112 454 143

165 561 245 618 runt
267 555 302 618 in
332 557 429 622 brevi
460 558 551 640 apud
583 558 816 624 stanfordiam
850 580 928 624 cum
956 563 1054 644 equis
1077 569 1112 627 et
1127 578 1248 618 atr-122⁷-

1126 630 1214 670 Quarrel
1223 631 1246 667 os

163 654 267 720 armis
288 676 402 722 comes
423 658 617 724 cestrensis
635 661 822 738 Ranulqu‚
844 680 958 726 comes
976 662 1111 727 Willel-
1125 680 1275 727 turturem

1126 730 1160 768 his
1172 730 1254 769 brother

163 772 239 817 mus
256 755 520 836 Mareschallus‚
538 779 652 824 comes
671 760 867 825 Richardus
885 761 992 828 frater
1009 765 1114 846 regis,
1127 780 1226 820 Richaru.

164 873 277 921 comes
306 857 503 924 Gloverniae
533 858 743 939 GilebertuS,
768 882 882 927 comes
913 863 1113 929 Warenniae

164 955 372 1036 Willelmus,
397 978 512 1024 comes
538 960 755 1026 Herefordiae
779 962 965 1041 Henricus,
998 983 1112 1029 eomes

162 1055 238 1138 [de]
247 1058 1113 1139 FerrariisWillelmus,comesWarewicensisWil-

165 1155 300 1237 lclmus,
325 1179 405 1224 cum
429 1161 616 1225 baronibus
641 1161 758 1226 multis
780 1171 816 1228 et
840 1165 972 1247 ingenti
995 1166 1112 1230 multi·

163 1260 282 1325 tudine
305 1268 528 1338 armatorum,
550 1262 787 1343 significantes
811 1267 883 1347 regi
905 1285 983 1329 cum
1011 1266 1112 1330 minis

165 1361 379 1444 ampullosis,
403 1369 443 1426 ut
469 1362 557 1426 banc
582 1362 745 1446 injuriam
768 1365 868 1428 fratri
893 1385 956 1430 suo
978 1366 1110 1431 illatam

164 1460 344 1525 confestim
368 1462 575 1539 emendaret,
598 1462 698 1548 cujus
728 1466 1014 1547 transgressionis
1039 1468 1111 1531 cul-

166 1577 245 1642 pam
267 1581 337 1625 non
358 1562 444 1645 regi,
465 1563 525 1628 sed
541 1562 750 1648 justiciario,
769 1566 996 1647 imputarunt.
1040 1568 1112 1632 Ad-

163 1658 324 1726 diderunt
341 1663 494 1747 insuper,
516 1665 590 1746 regi
611 1662 855 1731 denuntiantes
877 1668 1052 1744 atrociter,
1072 1678 1112 1731 ut

163 1761 313 1841 chartas,
327 1782 414 1846 quas
431 1783 541 1846 nuper
551 1765 644 1847 apud
655 1765 829 1830 Oxoniam
846 1767 1111 1845 cancellaverat,

163 1862 205 1927 de
221 1863 438 1929 libertatibus
455 1864 604 1942 forestae,
627 1866 692 1930 sibi
717 1867 848 1950 absque
870 1867 1036 1931 dilatione
1050 1888 1110 1933 ,re-

163 1964 322 2029 stitueret
344 1965 536 2047 s1gillatas;
564 1965 619 2029 sin
633 1974 762 2044 autem,
779 1967 846 2050 ipsi
868 1968 966 2032 illum
987 1968 1111 2050 gladiis

164 2064 433 2131 discurrentibus
465 2066 721 2148 compellerent,
752 2075 791 2132 ut
821 2069 887 2133 sibi
920 2088 1024 2152 super
1058 2068 1111 2131 his

163 2165 380 2232 satisfaceret
394 2174 637 2251 competenter.
664 2167 788 2255 'Tune
811 2189 873 2232 rex
897 2168 1021 2233 statuit
1042 2169 1111 2232 illis

48 2313 51 2317 f
163 2267 255 2349 apud
284 2264 559 2332 Norbamtonam
583 2269 687 2333 tertio
710 2289 819 2333 nonas
837 2267 989 2352 Augusti
1009 2269 1111 2346 diem,

164 2375 204 2431 ut
228 2367 276 2432 ibi
300 2367 429 2433 faceret
449 2356 502 2432 eis
523 2369 660 2450 plenam
683 2370 922 2434 rectitudinem
945 2369 1111 2434 exhiberi,

166 2467 329 2532 Partibus
345 2469 451 2551 igitur
466 2469 557 2551 apud
575 2470 693 2533 urbem
710 2470 893 2553 praefatam
909 2471 965 2534 die
978 2478 1112 2534 statuto

164 2569 458 2646 convenientibus,
476 2589 550 2646 rex,
567 2567 789 2651 magnatibus
804 2571 848 2634 ad
869 2571 934 2635 boe
949 2572 1112 2635 instanti·

164 2669 241 2746 bns,
263 2669 359 2734 dedit
386 2669 485 2733 fratri
514 2688 578 2734 suo
607 2669 722 2734 dotem
752 2678 860 2735 totam
892 2672 1112 2735 matrissuae
1149 2752 1152 2758 .

165 2769 283 2833 comiti
299 2768 487 2846 Richardo,
510 2770 639 2833 addens
661 2772 693 2834 ei
713 2778 823 2834 terras
839 2790 957 2835 omnes
975 2791 1054 2854 quae
1067 2771 1111 2835 ad

160 2869 220 2954 jus
228 2870 364 2935 comitis
380 2871 572 2934 Britanniae
588 2871 806 2952 pertinebant
822 2873 859 2935 in
877 2869 1023 2954 Anglia,
1034 2891 1112 2935 eum

165 2970 236 3034 suis
252 2970 410 3035 omnibus
422 2971 535 3048 terrie,
551 2989 630 3053 quae
642 2970 780 3035 fuerant
793 2972 930 3035 comitis
944 2972 1112 3036 Bononiae

165 3089 275 3154 nuper
290 3071 441 3137 defuncti
456 3092 465 3152 ;
489 3079 525 3136 et
541 3072 591 3135 sic
607 3072 750 3153 pacifice
773 3072 816 3134 ad
839 3073 980 3154 propria
1001 3091 1113 3136 reces-

166 3179 295 3235 serunt.

217 3270 346 3336 Eodem
369 3290 460 3335 anno
482 3272 651 3336 heremita
666 3273 806 3356 quidam
827 3274 864 3336 in
880 3272 1028 3354 Alpibus
1052 3272 1216 3338 ha-Lerend·

165 3372 282 3437 bitans
315 3373 565 3450 transmarinis,
597 3372 679 3435 dum
713 3373 912 3454 psalterium
941 3392 1042 3437 suum
1069 3373 1113 3437 de

166 3491 259 3537 more
287 3473 437 3556 quodam
463 3473 518 3538 die
548 3473 749 3551 ruminaret,
776 3493 853 3537 cum
883 3473 1036 3537 venisset
1067 3474 1110 3537 ad

165 3574 337 3656 psalmum
356 3579 366 3607 ‘
382 3572 560 3657 Exsurgat
584 3572 703 3650 Deus,’
729 3574 861 3640 invenit
882 3574 996 3638 subito
1018 3575 1112 3656 psal·

166 3693 258 3738 mum
279 3674 450 3764 deletum,
463 3682 499 3739 et
521 3676 556 3739 in
582 3676 659 3740 loco
684 3675 809 3758 psalmi
833 3675 907 3738 baec
930 3674 1044 3738 verba¹
1062 3676 1111 3737 in-

163 3776 307 3857 scripta,
321 3774 559 3840 ‘Excitabitur
571 3776 750 3840 Romanus
767 3782 888 3840 contra
904 3775 1111 3852 Romanum,

165 3884 201 3940 et
219 3876 397 3940 Romanus
422 3875 581 3940 Romano
603 3877 855 3955 substituetur3
884 3875 1006 3939 Romae
1029 3874 1113 3939 alle-

163 3977 351 4042 viabantur
383 3976 492 4057 virgae
521 3985 711 4058 pastorum,
741 3986 776 4039 et
803 3975 964 4040 solatium
990 3976 1056 4038 erit
1076 3976 1112 4038 in

165 4079 263 4156 otio;
288 4076 523 4141 turbabuntur
551 4077 661 4141 seduli
689 4084 725 4139 et
747 4078 906 4152 orabunt,
935 4076 1032 4140 etin
1063 4074 1114 4137 la-

163 4178 315 4262 chrymis
337 4177 523 4241 multorum
551 4179 615 4243 erit
638 4177 796 4260 requies3
821 4177 960 4241 humilis
983 4176 1113 4240 alludet
