2864 4866
394 407 534 458 rnonns
557 406 828 460 arsroarnnurr.
1015 392 1081 460 281

132 565 390 651 prostravisset,
402 589 528 652 equum
544 567 653 652 ipsius
670 568 753 653 agili
771 570 864 634 saltu
881 570 1216 635 conscenditur-12³³.

133 676 168 733 et
185 669 310 734 iterum
328 670 517 734 defensioni
531 670 682 735 vacavit.
734 671 834 734 Tunc
846 670 1082 750 Baldewinns,

130 768 230 833 miles
262 770 299 834 in
328 771 433 836 armis
463 777 637 848 strenuus,
671 770 814 852 indigne
846 770 959 834 ferens
990 772 1082 854 quod

132 869 362 937 Marescallns
388 877 509 936 contra
536 878 590 935 tot
612 870 829 935 adversarios
851 889 927 935 sese
949 871 1081 936 tamdiu

132 969 349 1050 defendebat,
375 977 535 1055 potenter
559 970 661 1035 irruit
684 971 721 1034 in
747 990 837 1049 enm,
868 977 916 1049 et,
941 979 1082 1055 arrepta

131 1069 241 1154 ipsius
266 1072 368 1154 galea
386 1071 428 1135 de
454 1071 567 1154 capite
587 1071 675 1156 ejus,
701 1089 778 1134 eam
797 1071 848 1136 ita
870 1072 1081 1136 truculenter

133 1170 275 1248 avulsit,
305 1171 397 1254 quod
430 1171 574 1253 sangnis
604 1191 650 1236 ex
676 1190 736 1234 ore
766 1170 842 1255 ejus
875 1179 911 1236 et
939 1173 1081 1236 neribus

134 1270 309 1337 emanavit
324 1291 333 1352 ;
360 1278 395 1336 et
412 1271 580 1354 arripiens
601 1291 663 1354 per
681 1271 828 1334 fraenum
845 1290 972 1354 equum
987 1271 1081 1336 illins

133 1371 240 1455 coepit
259 1391 429 1437 sessorem
445 1372 580 1436 trahere
597 1390 718 1437 versus
738 1370 930 1449 castellnm,
956 1371 1034 1436 aliis
1059 1392 1082 1438 a

133 1478 231 1554 tergo
260 1472 358 1536 illum
391 1472 659 1556 impellentibus
687 1478 729 1535 ut
755 1470 884 1535 ferrent
912 1473 1081 1536 auxilium

134 1571 349 1651 Baldewino,
372 1573 432 1656 qui
455 1571 699 1637 Mareseallum
722 1591 785 1654 per
804 1572 950 1635 fraenum
966 1571 1082 1636 trahe·

133 1672 205 1737 bat.
250 1673 350 1738 Tunc
366 1673 436 1750 ille,
453 1681 623 1756 tanquam'
634 1671 670 1736 in
686 1679 785 1736 arcto
800 1673 947 1754 positus,
964 1692 1079 1736 ensem

132 1771 169 1835 in
194 1792 320 1858 gyrum
346 1773 525 1850 vibrando,
548 1773 640 1837 ictus
663 1772 899 1854 importabiles
923 1773 1082 1837 hostibus

132 1872 342 1956 imprimens,
359 1873 446 1937 duos
459 1893 504 1937 ex
520 1872 590 1937 illis
611 1873 648 1936 in
664 1880 791 1936 terram
814 1874 981 1938 attonitos
1002 1893 1083 1956 pro-

133 1975 279 2052 stravit3
307 1974 367 2038 sed
384 1991 448 2037 neo
465 1973 515 2036 sio
530 1991 607 2037 sese
623 1973 667 2036 ab
684 1992 803 2036 eorum
819 1974 976 2037 manibus
996 1973 1082 2036 libe-

134 2074 238 2139 ravit.
290 2073 424 2139 Videas
445 2081 562 2137 autem
583 2071 781 2137 balistarius
806 2072 947 2155 quidam
972 2073 1215 2157 ipsiusme-

136 2173 336 2238 Marescalli
358 2174 533 2239 dominum
553 2191 655 2236 suum
677 2172 713 2235 in
735 2172 888 2255 periculo
911 2175 1083 2238 constitn-

135 2281 220 2352 tum‚
240 2274 283 2337 de
306 2275 435 2339 balista
456 2273 626 2356 spiculum
639 2272 764 2350 emisit,
786 2280 821 2337 et
836 2273 1033 2355 percutiens
1047 2275 1084 2337 in

134 2381 273 2456 pectore
295 2374 546 2452 Baldewinnm,
566 2372 627 2456 qni
650 2372 896 2437 Marescallum
921 2374 1082 2453 ducebat,

136 2475 242 2539 armis
263 2474 567 2540 nonobstantibus
591 2473 689 2537 illum
706 2473 907 2556 perforavit,
929 2475 988 2557 qui
1005 2494 1082 2539 cor·
1129 2481 1132 2487 ’

136 2593 240 2638 ruens
255 2575 292 2638 in
306 2584 433 2640 terram
443 2573 586 2639 credidit
601 2593 639 2639 se
655 2573 830 2638 lethaliter
839 2574 1080 2656 vulneratum

136 2681 174 2738 at
189 2675 326 2739 sodales
346 2674 549 2752 Baldewini‚
566 2673 631 2738 hoe
653 2673 742 2752 viso,
761 2674 1006 2740 Marescallum
1027 2694 1081 2738 re·

134 2776 329 2859 linquentes
345 2775 520 2840 dominum
535 2775 572 2838 in
588 2780 682 2838 terra
695 2773 872 2857 jacentem
885 2781 1082 2852 erexerunt,

135 2896 236 2959 quem
254 2877 355 2959 quasi
370 2882 542 2940 mortuum
558 2874 777 2958 reputabant.

232 3050 282 3114 De
295 3051 497 3137 strepefuetu
512 3071 533 3115 u
550 3048 740 3116 marescallo
755 3050 844 3136 σιμαὶ
859 3058 995 3115 castrum

494 3152 730 3215 Mooemutense.

188 3274 246 3351 Et,
265 3275 343 3340 dum
362 3276 437 3341 haee
455 3285 641 3360 agerentur
655 3275 791 3351 ibidem,
813 3275 1010 3340 nuntiatum
1032 3282 1085 3340 est
1097 3303 1200 3344 aaran

143 3377 310 3440 exercitui
328 3377 438 3461 ipsius
456 3376 669 3454 Marescalli,
687 3374 871 3460 quaefacta
887 3376 1025 3441 fuerant
1043 3376 1085 3440 de
1097 3353 1234 3397 mmm·

140 3475 213 3553 illo,
236 3484 272 3540 et
296 3478 472 3542 venientes
498 3497 575 3541 cum
602 3477 822 3541 festinatione
853 3477 889 3540 in
916 3477 1085 3541 auxilium

139 3574 215 3660 ejus
248 3575 366 3642 hostes
396 3578 604 3661 quantocius
629 3576 868 3659 compulerunt
892 3576 927 3639 in
954 3576 1085 3658 fugam.

139 3673 188 3740 At
204 3677 256 3740 illi
270 3677 443 3761 fugientes
465 3679 508 3743 ad
525 3679 668 3743 fluvium
691 3676 876 3760 quendam,
899 3677 958 3759 qui
978 3696 1086 3760 prope

139 3785 226 3856 erat,
253 3786 293 3843 ut
318 3780 515 3856 evaderent,
537 3779 743 3843 invenerunt
770 3784 911 3859 pontem
931 3777 1086 3842 confrac-

139 3884 225 3954 tum,
242 3898 305 3961 per
328 3898 430 3961 quem
448 3879 597 3943 transire
620 3878 819 3959 sperabant,
841 3875 932 3942 unde
948 3875 1087 3959 plurimi

139 3975 175 4038 in
193 3977 320 4041 flumen
338 3996 414 4042 sese
435 3978 612 4043 mittentes
630 3997 707 4042 cum
724 3979 823 4061 equis
840 3984 876 4041 et
891 3978 995 4040 armis
1009 3979 1087 4040 snb

139 4078 245 4141 mersi
271 4078 470 4160 perierunt;
503 4079 563 4142 alii
585 4085 714 4155 autem,
741 4098 810 4160 quo
832 4077 992 4159 fugerent
1018 4097 1087 4140 non

141 4177 369 4256 invenientes,
389 4179 562 4244 interfecti
584 4185 679 4256 sunt,
707 4185 812 4260 atque
839 4177 899 4240 alii
918 4177 983 4242 sub
1004 4196 1086 4259 eap-
