2864 4866
353 397 399 462 76
609 411 744 460 nouum
768 412 815 458 nn
839 410 1045 459 wnunovnn

193 591 249 630 nn.
260 590 315 630 122².
355 579 454 636 nates
485 571 545 653 qui
570 571 664 634 intus
696 576 808 648 erant,
833 590 897 634 rex
920 569 1053 634 scilicet
1084 568 1306 635 Hierusalem

194 641 305 790 l'ffiy
355 680 390 737 et
403 672 552 755 legatus,
570 671 643 734 dux
661 670 849 747 Balvariae,
859 668 1043 751 Templum
1055 676 1090 733 et
1104 668 1303 753 Hospitale,

195 790 433 836 rodomacum
458 772 535 835 aliis
556 771 688 848 multis,
718 771 769 834 ita
799 770 891 851 quod
922 770 1009 832 bene
1037 768 1177 834 fuerunt
1210 770 1306 834 mille

354 866 480 938 milites
499 891 601 935 cruce
623 870 765 954 signati,
784 877 819 934 et
836 869 896 933 alii
910 868 1043 952 equites
1060 870 1211 952 quinque
1227 870 1306 933 mil-

194 842 287 882 chester.

355 971 414 1049 lia,
430 991 508 1035 cum
525 970 758 1053 quadraginta
772 970 923 1033 millibus
938 968 1105 1051 peditum,
1120 969 1168 1033 hii
1185 988 1306 1034 omnes

354 1069 510 1134 lecerunt
537 1089 642 1134 unam
666 1070 899 1152 equitaturam
925 1086 1010 1151 erga
1034 1074 1161 1133 terram
1188 1069 1307 1152 Baby-

355 1170 457 1248 lonis,
486 1178 608 1235 contra
636 1169 853 1234 voluntatem
884 1169 977 1250 regis
1005 1166 1239 1246 Hierusalem,
1266 1175 1306 1234 ut

355 1269 493 1348 dieitur,
507 1277 542 1334 et
555 1271 622 1334 iter
637 1270 857 1352 arripuerunt
874 1268 919 1331 ad
933 1267 1059 1331 festum
1076 1269 1187 1332 sancti
1206 1268 1305 1333 Petri

356 1368 400 1432 ad
417 1369 579 1449 vincula3
607 1369 695 1434 etin
716 1369 778 1432 illa
799 1367 998 1451 equitatura
1019 1387 1082 1450 per
1104 1374 1174 1432 tres
1197 1369 1305 1452 septi-

356 1487 478 1532 manas
494 1469 550 1533 vel
568 1469 646 1552 plus
670 1468 795 1532 morati
816 1467 968 1546 fuerunt,
994 1475 1029 1531 et
1045 1466 1116 1531 fere
1137 1469 1173 1531 in
1192 1468 1308 1532 media

357 1568 415 1632 via
428 1568 568 1634 suerunt
584 1569 755 1632 Damietae
770 1575 806 1631 et
817 1568 1019 1650 Babylonis.
1065 1567 1165 1632 Tunc
1182 1567 1306 1632 Solda-

358 1685 422 1731 nus
449 1668 654 1752 Babyloniae
677 1675 712 1732 et
738 1667 933 1732 Coradinus
961 1666 1068 1733 frater
1096 1667 1171 1751 ejus
1200 1688 1304 1732 vene·

357 1774 438 1831 runt
456 1787 534 1832 cum
558 1774 689 1851 quanto
715 1769 870 1832 exercitu
896 1768 1022 1832 habere
1044 1774 1243 1849 potuerunt,
1268 1775 1306 1833 et

357 1868 485 1949 saepius
517 1874 638 1950 gentes
668 1875 804 1932 nostras
831 1866 1141 1950 appropinquando
1169 1867 1307 1932 invase-

357 1974 439 2031 runt
459 1975 495 2032 et
516 1969 645 2050 saepius
668 1967 711 2032 de
738 1968 898 2049 gentibus
923 1968 995 2030 suis
1018 1967 1228 2048 amiserunt3
1256 1974 1305 2046 et,
1334 1976 1340 1984 '

357 2067 496 2148 quando
513 2075 635 2149 gentes
653 2073 782 2131 nostrae
800 2066 843 2130 ad
863 2067 1060 2130 Damietam
1080 2066 1191 2131 redire
1208 2068 1306 2132 volu·

357 2173 469 2244 erunt,
488 2167 615 2231 flumen
637 2167 793 2231 excrevit
815 2173 851 2231 et
870 2186 934 2248 per
953 2166 1026 2230 dies
1051 2167 1217 2248 plurimos
1242 2187 1305 2230 ex·

356 2265 433 2342 ivit,
448 2273 483 2330 et
499 2273 620 2349 gentes
639 2273 768 2330 nostrae
791 2265 882 2331 inter
903 2266 972 2330 duo
995 2265 1135 2330 brachia
1152 2267 1304 2331 fluminis

356 2373 477 2444 erant3
509 2373 544 2429 et
565 2365 720 2429 fecerunt
743 2365 906 2430 Saraceni
933 2365 975 2429 de
998 2386 1069 2429 uno
1089 2365 1231 2430 brachio
1258 2367 1304 2430 ad

356 2464 449 2527 aliud
464 2464 599 2529 foveam
621 2465 795 2549 quandam
816 2472 909 2529 retro
926 2465 1116 2529 exercitum
1133 2474 1303 2545 nostrum,

356 2563 551 2647 flumenque
582 2571 654 2628 tam
682 2584 847 2647 magnum
870 2565 1037 2643 excrevit,
1065 2565 1156 2648 quod
1182 2573 1306 2647 gentes

355 2671 483 2728 nostrae
511 2663 549 2726 in
576 2683 668 2746 aqua
692 2672 794 2729 erant
821 2683 932 2747 usque
965 2665 1009 2728 ad
1041 2665 1236 2729 braccarios
1269 2672 1306 2731 et

355 2763 520 2829 cinctoria
546 2765 590 2828 ad
615 2783 775 2846 magnam
799 2764 972 2828 miseriam
995 2770 1030 2827 et
1051 2763 1217 2842 dolorem,
1240 2766 1305 2829 ita·

355 2884 423 2945 que
447 2865 575 2928 mortui
598 2871 633 2929 et
654 2865 748 2947 capti
773 2863 920 2928 fuissent
939 2864 969 2926 si
990 2863 1161 2928 Soldanus
1184 2865 1303 2948 Baby·

354 2963 456 3028 loniae
487 2963 666 3028 voluisset.
734 2963 893 3046 Treugas
926 2971 1147 3045 sumpserunt
1182 2971 1304 3046 gentes

355 3070 483 3127 nostrae
514 3082 624 3145 usque
660 3063 704 3128 ad
737 3070 816 3127 octo
847 3082 956 3126 annos
993 3083 1077 3144 erga
1114 3063 1303 3128 Saldanum

354 3162 416 3225 tali
442 3170 557 3245 pacto,
583 3162 676 3245 quod
706 3170 827 3245 gentes
849 3172 977 3228 nostrae
1003 3162 1201 3227 Damietam
1226 3165 1305 3237 red:

354 3262 475 3327 derent
489 3271 524 3327 et
542 3282 661 3326 omnes
676 3263 833 3327 esclavos
851 3283 939 3346 quos
957 3264 1121 3327 tenebant
1137 3263 1172 3326 in
1191 3265 1304 3348 capti-

354 3362 473 3426 vitate.
527 3361 676 3445 Propter
698 3363 786 3426 hanc
809 3363 1004 3444 pactionem
1031 3363 1215 3427 tenendam
1240 3384 1304 3429 rex

354 3459 589 3538 Hierusalem,
611 3468 646 3525 et
663 3462 814 3543 legatus,
839 3469 875 3526 et
895 3462 968 3525 dux
984 3462 1171 3539 Balvariae,
1190 3471 1226 3528 et
1241 3464 1302 3528 alii

353 3558 478 3624 divites
505 3561 541 3623 in
564 3560 725 3642 hostagia
745 3568 1002 3641 remanserunt3
1032 3561 1203 3625 Soldanus
1219 3582 1303 3628 vero

352 3678 416 3741 pro
433 3659 509 3741 jam
537 3659 630 3723 dicta
660 3661 818 3742 pactione
840 3680 885 3723 ex
907 3668 1006 3743 parte
1033 3679 1097 3724 sua
1121 3661 1246 3743 viginti
1265 3663 1303 3726 in

353 3758 513 3839 hostagio
544 3758 697 3824 tradidit.
755 3759 904 3838 Quando
933 3781 1017 3825 vero
1051 3760 1115 3824 hos
1148 3780 1303 3825 rumores

353 3858 560 3935 audivimuS,
597 3878 760 3940 magnum
797 3859 948 3923 dolorem
985 3860 1180 3938 habuimus,
1213 3860 1306 3925 sicut

353 3977 472 4021 omnes
504 3957 693 4022 Christiani
722 3958 848 4022 habere
870 3959 1019 4040 debent3
1050 3960 1198 4043 ideoque
1220 3979 1303 4023 con·

352 4056 466 4120 silium
488 4058 682 4136 habuimus,
704 4059 787 4142 quia
808 4059 852 4122 ad
877 4059 1085 4124 reddendam
1106 4059 1305 4125 Damietam

353 4176 428 4222 esse
461 4160 645 4238 noluimus,
676 4166 715 4224 ut
744 4178 863 4225 versus
893 4158 1015 4225 Achon
1042 4160 1109 4225 iter
1134 4160 1304 4242 arripere·
