2864 4866
178 626 228 664 War
237 627 258 665 ln

178 676 253 716 Wales.

338 388 405 452 222
595 404 729 452 noorai
755 405 800 450 ns
823 404 1030 452 wunnovna

180 577 234 615 su·
247 577 302 615 ¹2³1·
340 568 483 638 serunt3
512 582 580 644 quo
593 561 698 638 sact0,
719 581 781 624 rex
804 560 993 625 exercitum
1014 577 1220 640 promovens
1243 559 1288 621 ad

343 660 633 725 Herefordensem
647 662 765 724 urbem
781 661 850 724 cito
862 660 977 724 volatu
995 659 1163 742 pervenit.
1200 659 1287 722 Erat

340 769 456 826 autem
482 781 522 825 eo
548 768 701 844 tempore
728 756 909 824 ¹Loelinus
937 780 1015 823 cum
1044 758 1199 822 exercitu
1222 765 1286 822 'suo

340 882 409 924 non
438 862 542 943 longe
569 881 591 925 a
620 861 763 924 castello
799 858 1106 924 Montis-Gamerii
1137 859 1172 921 in
1201 878 1287 940 quo·

340 961 419 1024 dam
443 968 556 1043 prato,
578 962 670 1043 quod
695 961 858 1043 ripariam
882 960 1031 1023 habebat
1048 959 1197 1022 vicinam
1224 978 1285 1040 pa·

340 1059 476 1124 ludibus
502 1061 662 1142 obsitam,
694 1061 752 1124 ubi
778 1059 945 1123 militibus
973 1058 1078 1122 castri
1106 1058 1287 1122 memorati

340 1160 478 1224 dolosas
495 1161 638 1224 insidias
654 1160 882 1243 praeparabat.
916 1158 1009 1221 Nam
1023 1158 1164 1221 fratrem
1178 1177 1286 1240 quen·

340 1250 420 1323 dam
441 1261 484 1324 de
507 1259 647 1324 abbatia
666 1259 903 1324 Cisterciensis
926 1259 1066 1334 ordiniS,
1083 1278 1161 1340 quae
1178 1275 1286 1340 prope

341 1367 427 1437 erat,
443 1359 585 1424 Cumira
606 1365 818 1442 nuncupata,
839 1358 967 1423 direxit
986 1358 1159 1436 Loclinus,
1179 1367 1219 1422 ut
1235 1359 1286 1421 di-

340 1461 442 1537 citur,
462 1460 504 1524 ad
526 1460 725 1539 castellum3
752 1479 854 1542 quem
880 1478 955 1522 cum
980 1457 1139 1521 viderunt
1158 1458 1285 1521 milites

340 1560 474 1624 castelli
501 1566 736 1625 transeuntem
767 1579 829 1642 per
860 1578 932 1635 eos,
964 1558 1124 1621 exierunt
1145 1565 1184 1622 ut
1207 1578 1285 1621 cum

340 1659 446 1724 fratre
469 1660 704 1743 loquerentur,
727 1666 762 1723 et
779 1659 995 1723 sciscitantes
1015 1660 1060 1722 ab
1080 1677 1132 1735 eo,
1152 1658 1284 1740 siquid

340 1760 382 1823 de
399 1759 542 1824 Loelino
556 1781 638 1842 rege
653 1759 818 1836 audisset,
836 1758 1024 1842 rospondit,
1041 1757 1134 1840 quod
1149 1758 1285 1823 viderat

340 1879 419 1923 eum
448 1880 526 1924 cum
553 1880 661 1944 parvo
689 1860 855 1925 comitatu
883 1861 919 1922 in
950 1865 1051 1941 prato
1073 1859 1200 1936 vicino,
1226 1860 1285 1922 ubi

340 1963 566 2043 exspectabat
581 1961 746 2045 majorem
765 1980 944 2024 numerum
960 1965 1182 2024 armatorum.
1217 1959 1286 2022 Mi-

339 2059 418 2124 lites
444 2081 538 2139 vero,
564 2082 642 2125 cum
664 2081 685 2124 a
708 2061 816 2125 fratre
843 2060 1067 2142 requirerent,
1089 2060 1120 2123 si
1141 2068 1285 2143 possent

340 2161 502 2242 ripariam
521 2169 556 2226 et
570 2168 707 2246 pratum
725 2161 858 2244 equites
876 2180 953 2224 cum
968 2160 1153 2224 securitate
1171 2169 1284 2225 trans-

339 2260 399 2336 ire,
426 2262 605 2344 respondit
625 2261 743 2339 frater,
766 2260 900 2339 ‘Pons,
922 2259 982 2343 qui
1005 2261 1097 2324 ultra
1119 2261 1284 2342 ripariam

338 2361 541 2425 itinerantes
561 2361 685 2425 ducere
704 2361 850 2439 solebat,
869 2361 1065 2424 confractus
1088 2367 1177 2424 esta
1198 2361 1284 2425 Loe-

339 2460 422 2536 lino,
433 2462 515 2543 quia
527 2463 702 2526 metuebat
718 2461 883 2543 impetum
900 2467 1072 2541 vestrum3
1095 2461 1156 2524 sed
1168 2467 1284 2525 tamen

338 2561 496 2642 poteritis
523 2581 655 2638 secure,
681 2562 887 2644 ubicumque
909 2561 1098 2637 volueritis,
1120 2561 1283 2644 ripariam

339 2666 374 2722 et
392 2668 530 2743 pratum
557 2662 593 2724 in
619 2662 716 2744 equis
742 2660 902 2738 transire,
930 2666 964 2724 et
986 2659 1182 2725 Wallenses
1204 2681 1283 2725 cum

339 2761 459 2841 paucis
482 2760 655 2842 equitibus
682 2761 737 2825 vel
759 2762 896 2826 vincere
917 2760 973 2825 vel
994 2759 1138 2842 fugare!
1202 2760 1283 2839 Quo

339 2861 468 2938 audito,
487 2860 643 2924 adhibuit
660 2860 761 2925 fidem
783 2860 879 2924 falsis
901 2860 1148 2937 assertionibus
1165 2859 1283 2924 fratris

339 2959 516 3024 Walterus
543 2960 585 3024 de
606 2960 822 3038 Godarrilla,
839 2968 957 3026 custos
979 2959 1125 3036 castelli,
1147 2967 1182 3024 et
1195 2980 1283 3043 prae·
1358 3045 1360 3049 Ι

338 3059 468 3143 cipions
487 3062 776 3125 commilitonibus
797 3068 833 3124 et
848 3059 1088 3137 servientibus,
1104 3068 1142 3123 ut
1158 3080 1283 3126 convo·

338 3160 451 3224 larent
473 3162 517 3225 ad
541 3176 657 3238 arma,
674 3161 826 3226 ascensis
853 3161 962 3242 equis,
984 3160 1028 3223 ad
1051 3159 1164 3224 locum
1193 3161 1283 3225 cele-

337 3259 420 3322 riter
445 3269 701 3342 pervenerunt3
730 3280 817 3344 quos
832 3260 1027 3326 Wallenses
1050 3279 1128 3322 cum
1152 3261 1283 3344 impetu

335 3360 454 3424 venire
478 3363 729 3445 conspicientes
765 3360 809 3424 ad
838 3360 962 3425 silvam
993 3361 1178 3443 quandam,
1206 3380 1284 3443 quae
1384 3361 1385 3364 ’

335 3477 444 3542 prope
471 3469 558 3539 erat,
581 3461 736 3526 dolosam
761 3460 854 3525 illico
879 3460 1031 3524 inierunt
1051 3459 1181 3541 fugam.
1233 3460 1284 3525 At

337 3561 517 3624 castellani
537 3562 658 3646 rapido
684 3580 849 3643 equorum
872 3561 992 3624 volatu
1019 3579 1079 3623 eos
1102 3561 1284 3642 insequen-

337 3665 390 3722 tes
413 3659 448 3722 in
469 3661 599 3742 riparia
618 3660 765 3744 praelata
782 3681 822 3726 ac
839 3660 965 3744 palude
983 3660 1076 3724 illius
1093 3661 1184 3742 prati
1202 3663 1284 3725 sub·

336 3760 438 3822 mersi
460 3769 541 3824 sunt
562 3781 671 3843 usque
694 3762 738 3825 ad
759 3770 896 3825 ventres
919 3780 1098 3843 equorum,
1116 3761 1168 3823 illi
1194 3781 1284 3842 prae-

370 3909 562 3976 ¹Loelinus.]1n
569 3915 612 3963 the
621 3915 715 3964 Patent
723 3916 794 3965 Rolls
820 3920 847 3964 at
857 3915 1034 3977 Shrewsbury,
1045 3915 1122 3963 dated
1131 3915 1283 3977 Woroester,

336 3981 358 4029 is
369 3997 385 4030 a
395 3997 456 4043 pass
466 3984 529 4031 irom
541 3984 583 4033 the
595 3985 667 4048 king,
678 3987 795 4048 granting
820 3986 880 4035 arth
889 3987 967 4048 May;
985 3987 1088 4047 Rymer,
1098 3985 1117 4034 i.
1128 4001 1154 4047 p.
1165 3989 1223 4036 200.
1259 3988 1285 4035 It

335 4051 389 4101 sale
400 4054 509 4102 conduct
517 4057 542 4102 to
550 4054 592 4104 the
604 4069 760 4118 messengers
770 4056 798 4104 of
820 4056 906 4105 would
913 4071 1008 4118 appear
1015 4055 1071 4104 that
1077 4055 1217 4118 Llewellyn
1223 4057 1284 4106 took

335 4121 485 4185 Llewellyn,
502 4126 648 4174 summoned
663 4130 795 4186 apparent·
819 4141 852 4175 no
864 4127 946 4176 notice
958 4126 987 4176 ol
994 4127 1044 4176 this
1057 4140 1193 4176 summoue.

335 4192 361 4252 ly
372 4196 398 4242 to
408 4198 474 4243 meet
485 4194 527 4243 the
538 4191 622 4257 king’s
639 4210 795 4258 messengers
