<?xml version="1.0" encoding="UTF-8"?>
<!DOCTYPE html PUBLIC "-//W3C//DTD XHTML 1.0 Transitional//EN"
    "http://www.w3.org/TR/xhtml1/DTD/xhtml1-transitional.dtd">
<html xmlns="http://www.w3.org/1999/xhtml" xml:lang="en" lang="en">
 <head>
  <title>
</title>
<meta http-equiv="Content-Type" content="text/html;charset=utf-8" />
  <meta name='ocr-system' content='tesseract 3.04.00' />
  <meta name='ocr-capabilities' content='ocr_page ocr_carea ocr_par ocr_line ocrx_word'/>
</head>
<body>
  <div class='ocr_page' id='page_1' title='image "./rogeridewendove03rogegoog_0197.png"; bbox 0 0 2864 4866; ppageno 0'>
   <div class='ocr_carea' id='block_1_1' title="bbox 177 589 306 679">
    <p class='ocr_par' dir='ltr' id='par_1_1' title="bbox 177 589 306 679">
     <span class='ocr_line' id='line_1_1' title="bbox 179 589 301 629; baseline -0.016 0"><span class='ocrx_word' id='word_1_1' title='bbox 179 589 235 629; x_wconf 72' lang='grc' dir='ltr'><strong>Μ).</strong></span> <span class='ocrx_word' id='word_1_2' title='bbox 245 589 301 628; x_wconf 79' lang='grc'><strong>1229.</strong></span> 
     </span>
     <span class='ocr_line' id='line_1_2' title="bbox 177 638 306 679; baseline -0.008 0"><span class='ocrx_word' id='word_1_3' title='bbox 177 638 272 679; x_wconf 82' lang='lat' dir='ltr'><strong>Election</strong></span> <span class='ocrx_word' id='word_1_4' title='bbox 282 639 306 678; x_wconf 76' lang='lat' dir='ltr'><strong>oi</strong></span> 
     </span>
    </p>
   </div>
   <div class='ocr_carea' id='block_1_2' title="bbox 342 400 1038 466">
    <p class='ocr_par' dir='ltr' id='par_1_2' title="bbox 342 400 1038 466">
     <span class='ocr_line' id='line_1_3' title="bbox 342 400 1038 466; baseline 0 -2"><span class='ocrx_word' id='word_1_5' title='bbox 342 400 407 465; x_wconf 86' lang='grc'><strong>186</strong></span> <span class='ocrx_word' id='word_1_6' title='bbox 602 418 736 465; x_wconf 73' lang='lat' dir='ltr'><strong>aornar</strong></span> <span class='ocrx_word' id='word_1_7' title='bbox 761 419 808 464; x_wconf 84' lang='lat' dir='ltr'><strong>nn</strong></span> <span class='ocrx_word' id='word_1_8' title='bbox 831 417 1038 466; x_wconf 81' lang='lat' dir='ltr'><strong>wannovnn</strong></span> 
     </span>
    </p>
   </div>
   <div class='ocr_carea' id='block_1_3' title="bbox 342 573 1289 658">
    <p class='ocr_par' dir='ltr' id='par_1_3' title="bbox 342 573 1289 658">
     <span class='ocr_line' id='line_1_4' title="bbox 342 573 1289 658; baseline -0.002 -22"><span class='ocrx_word' id='word_1_9' title='bbox 342 573 384 637; x_wconf 93' lang='lat' dir='ltr'><strong>de</strong></span> <span class='ocrx_word' id='word_1_10' title='bbox 404 581 481 639; x_wconf 93' lang='lat' dir='ltr'><strong>rato</strong></span> <span class='ocrx_word' id='word_1_11' title='bbox 500 575 697 653; x_wconf 89' lang='lat' dir='ltr'><strong>eorundem,</strong></span> <span class='ocrx_word' id='word_1_12' title='bbox 716 583 785 639; x_wconf 92' lang='lat' dir='ltr'><strong>tam</strong></span> <span class='ocrx_word' id='word_1_13' title='bbox 805 576 898 657; x_wconf 87' lang='lat' dir='ltr'><strong>regis</strong></span> <span class='ocrx_word' id='word_1_14' title='bbox 917 594 1021 658; x_wconf 91' lang='lat' dir='ltr'><strong>quam</strong></span> <span class='ocrx_word' id='word_1_15' title='bbox 1038 574 1289 656; x_wconf 90' lang='lat' dir='ltr'><strong>episcoporum,</strong></span> 
     </span>
    </p>
   </div>
   <div class='ocr_carea' id='block_1_4' title="bbox 179 674 1289 758">
    <p class='ocr_par' dir='ltr' id='par_1_4' title="bbox 179 674 1289 758">
     <span class='ocr_line' id='line_1_5' title="bbox 179 674 1289 758; baseline -0.001 -23"><span class='ocrx_word' id='word_1_16' title='bbox 179 689 302 728; x_wconf 73' lang='lat' dir='ltr'><strong>arcuatae</strong></span> <span class='ocrx_word' id='word_1_17' title='bbox 341 674 376 736; x_wconf 93' lang='lat' dir='ltr'><strong>in</strong></span> <span class='ocrx_word' id='word_1_18' title='bbox 400 674 529 739; x_wconf 92' lang='lat' dir='ltr'><strong>domini</strong></span> <span class='ocrx_word' id='word_1_19' title='bbox 555 695 656 758; x_wconf 90' lang='lat' dir='ltr'><strong>papae</strong></span> <span class='ocrx_word' id='word_1_20' title='bbox 680 676 866 757; x_wconf 87' lang='lat' dir='ltr'><strong>praesentia</strong></span> <span class='ocrx_word' id='word_1_21' title='bbox 893 674 1096 739; x_wconf 81' lang='lat' dir='ltr'><strong>exhibentes</strong></span> <span class='ocrx_word' id='word_1_22' title='bbox 1120 690 1289 755; x_wconf 89' lang='lat' dir='ltr'><strong>proposu-</strong></span> 
     </span>
    </p>
   </div>
   <div class='ocr_carea' id='block_1_5' title="bbox 178 739 292 778">
    <p class='ocr_par' dir='ltr' id='par_1_5' title="bbox 178 739 292 778">
     <span class='ocr_line' id='line_1_6' title="bbox 178 739 292 778; baseline -0.009 0"><span class='ocrx_word' id='word_1_23' title='bbox 178 741 215 778; x_wconf 83' lang='lat' dir='ltr'><strong>the</strong></span> <span class='ocrx_word' id='word_1_24' title='bbox 225 750 260 778; x_wconf 83' lang='lat' dir='ltr'><strong>see</strong></span> <span class='ocrx_word' id='word_1_25' title='bbox 268 739 292 778; x_wconf 77' lang='lat' dir='ltr'><strong>ot</strong></span> 
     </span>
    </p>
   </div>
   <div class='ocr_carea' id='block_1_6' title="bbox 178 769 1290 856">
    <p class='ocr_par' dir='ltr' id='par_1_6' title="bbox 178 769 1290 856">
     <span class='ocr_line' id='line_1_7' title="bbox 178 769 1290 856; baseline -0.004 -16"><span class='ocrx_word' id='word_1_26' title='bbox 178 789 314 840; x_wconf 67' lang='lat' dir='ltr'><strong>oentenari-</strong></span> <span class='ocrx_word' id='word_1_27' title='bbox 342 781 444 837; x_wconf 88' lang='lat' dir='ltr'><strong>erunt</strong></span> <span class='ocrx_word' id='word_1_28' title='bbox 464 774 507 838; x_wconf 96' lang='lat' dir='ltr'><strong>de</strong></span> <span class='ocrx_word' id='word_1_29' title='bbox 531 776 699 856; x_wconf 87' lang='lat' dir='ltr'><strong>magistro</strong></span> <span class='ocrx_word' id='word_1_30' title='bbox 725 769 933 853; x_wconf 86' lang='lat' dir='ltr'><strong>¹Richardo,</strong></span> <span class='ocrx_word' id='word_1_31' title='bbox 958 772 1209 838; x_wconf 91' lang='lat' dir='ltr'><strong>Lincolniensis</strong></span> <span class='ocrx_word' id='word_1_32' title='bbox 1234 791 1290 836; x_wconf 88' lang='lat' dir='ltr'><strong>ec-</strong></span> 
     </span>
    </p>
   </div>
   <div class='ocr_carea' id='block_1_7' title="bbox 339 873 1289 1836">
    <p class='ocr_par' dir='ltr' id='par_1_7' title="bbox 339 873 1289 1836">
     <span class='ocr_line' id='line_1_8' title="bbox 342 873 1288 957; baseline -0.001 -21"><span class='ocrx_word' id='word_1_33' title='bbox 342 873 457 937; x_wconf 80' lang='lat' dir='ltr'><strong>clesiae</strong></span> <span class='ocrx_word' id='word_1_34' title='bbox 476 874 694 951; x_wconf 90' lang='lat' dir='ltr'><strong>cancellario,</strong></span> <span class='ocrx_word' id='word_1_35' title='bbox 717 875 809 957; x_wconf 93' lang='lat' dir='ltr'><strong>quod</strong></span> <span class='ocrx_word' id='word_1_36' title='bbox 830 882 921 938; x_wconf 88' lang='lat' dir='ltr'><strong>esset</strong></span> <span class='ocrx_word' id='word_1_37' title='bbox 941 874 996 938; x_wconf 88' lang='lat' dir='ltr'><strong>vir</strong></span> <span class='ocrx_word' id='word_1_38' title='bbox 1017 873 1198 939; x_wconf 88' lang='lat' dir='ltr'><strong>eminentis</strong></span> <span class='ocrx_word' id='word_1_39' title='bbox 1220 873 1288 935; x_wconf 89' lang='lat' dir='ltr'><strong>sci·</strong></span> 
     </span>
     <span class='ocr_line' id='line_1_9' title="bbox 341 972 1289 1048; baseline -0.002 -12"><span class='ocrx_word' id='word_1_40' title='bbox 341 974 443 1038; x_wconf 87' lang='lat' dir='ltr'><strong>entiae</strong></span> <span class='ocrx_word' id='word_1_41' title='bbox 468 981 504 1038; x_wconf 89' lang='lat' dir='ltr'><strong>et</strong></span> <span class='ocrx_word' id='word_1_42' title='bbox 525 974 715 1039; x_wconf 77' lang='lat' dir='ltr'><strong>literaturae</strong></span> <span class='ocrx_word' id='word_1_43' title='bbox 745 994 787 1039; x_wconf 90' lang='lat' dir='ltr'><strong>ac</strong></span> <span class='ocrx_word' id='word_1_44' title='bbox 817 974 1090 1038; x_wconf 90' lang='lat' dir='ltr'><strong>conversationis</strong></span> <span class='ocrx_word' id='word_1_45' title='bbox 1121 972 1289 1048; x_wconf 78' lang='lat' dir='ltr'><strong>honestae,</strong></span> 
     </span>
     <span class='ocr_line' id='line_1_10' title="bbox 340 1072 1288 1156; baseline -0.001 -21"><span class='ocrx_word' id='word_1_46' title='bbox 340 1072 501 1156; x_wconf 91' lang='lat' dir='ltr'><strong>quodque</strong></span> <span class='ocrx_word' id='word_1_47' title='bbox 527 1082 598 1138; x_wconf 92' lang='lat' dir='ltr'><strong>tam</strong></span> <span class='ocrx_word' id='word_1_48' title='bbox 629 1074 784 1139; x_wconf 90' lang='lat' dir='ltr'><strong>ecclesiae</strong></span> <span class='ocrx_word' id='word_1_49' title='bbox 816 1074 985 1138; x_wconf 80' lang='lat' dir='ltr'><strong>Romanae</strong></span> <span class='ocrx_word' id='word_1_50' title='bbox 1018 1092 1122 1155; x_wconf 92' lang='lat' dir='ltr'><strong>quam</strong></span> <span class='ocrx_word' id='word_1_51' title='bbox 1156 1072 1229 1153; x_wconf 88' lang='lat' dir='ltr'><strong>regi</strong></span> <span class='ocrx_word' id='word_1_52' title='bbox 1252 1079 1288 1135; x_wconf 91' lang='lat' dir='ltr'><strong>et</strong></span> 
     </span>
     <span class='ocr_line' id='line_1_11' title="bbox 340 1172 1286 1256; baseline 0 -22"><span class='ocrx_word' id='word_1_53' title='bbox 340 1192 447 1254; x_wconf 91' lang='lat' dir='ltr'><strong>regno</strong></span> <span class='ocrx_word' id='word_1_54' title='bbox 471 1172 608 1256; x_wconf 85' lang='lat' dir='ltr'><strong>Angliae</strong></span> <span class='ocrx_word' id='word_1_55' title='bbox 630 1181 723 1238; x_wconf 89' lang='lat' dir='ltr'><strong>esset</strong></span> <span class='ocrx_word' id='word_1_56' title='bbox 745 1194 814 1238; x_wconf 93' lang='lat' dir='ltr'><strong>non</strong></span> <span class='ocrx_word' id='word_1_57' title='bbox 836 1173 1054 1238; x_wconf 86' lang='lat' dir='ltr'><strong>mediocriter</strong></span> <span class='ocrx_word' id='word_1_58' title='bbox 1075 1172 1286 1249; x_wconf 83' lang='lat' dir='ltr'><strong>smctuosus,</strong></span> 
     </span>
     <span class='ocr_line' id='line_1_12' title="bbox 340 1272 1287 1355; baseline 0 -21"><span class='ocrx_word' id='word_1_59' title='bbox 340 1280 445 1355; x_wconf 90' lang='lat' dir='ltr'><strong>atque</strong></span> <span class='ocrx_word' id='word_1_60' title='bbox 471 1274 582 1337; x_wconf 87' lang='lat' dir='ltr'><strong>modis</strong></span> <span class='ocrx_word' id='word_1_61' title='bbox 607 1275 765 1337; x_wconf 91' lang='lat' dir='ltr'><strong>omnibus</strong></span> <span class='ocrx_word' id='word_1_62' title='bbox 789 1292 904 1337; x_wconf 93' lang='lat' dir='ltr'><strong>coram</strong></span> <span class='ocrx_word' id='word_1_63' title='bbox 931 1273 1068 1337; x_wconf 93' lang='lat' dir='ltr'><strong>domino</strong></span> <span class='ocrx_word' id='word_1_64' title='bbox 1092 1291 1187 1355; x_wconf 92' lang='lat' dir='ltr'><strong>papa</strong></span> <span class='ocrx_word' id='word_1_65' title='bbox 1211 1272 1287 1354; x_wconf 90' lang='lat' dir='ltr'><strong>ejus</strong></span> 
     </span>
     <span class='ocr_line' id='line_1_13' title="bbox 339 1373 1287 1454; baseline -0.002 -20"><span class='ocrx_word' id='word_1_66' title='bbox 339 1391 520 1454; x_wconf 79' lang='lat' dir='ltr'><strong>personam</strong></span> <span class='ocrx_word' id='word_1_67' title='bbox 560 1373 839 1438; x_wconf 83' lang='lat' dir='ltr'><strong>commendantes</strong></span> <span class='ocrx_word' id='word_1_68' title='bbox 877 1373 1007 1438; x_wconf 91' lang='lat' dir='ltr'><strong>dictum</strong></span> <span class='ocrx_word' id='word_1_69' title='bbox 1050 1391 1177 1454; x_wconf 87' lang='lat' dir='ltr'><strong>papam</strong></span> <span class='ocrx_word' id='word_1_70' title='bbox 1215 1378 1287 1433; x_wconf 91' lang='lat' dir='ltr'><strong>tra·</strong></span> 
     </span>
     <span class='ocr_line' id='line_1_14' title="bbox 339 1470 1286 1548; baseline -0.001 -15"><span class='ocrx_word' id='word_1_71' title='bbox 339 1470 427 1536; x_wconf 89' lang='lat' dir='ltr'><strong>hunt</strong></span> <span class='ocrx_word' id='word_1_72' title='bbox 443 1491 520 1536; x_wconf 93' lang='lat' dir='ltr'><strong>cum</strong></span> <span class='ocrx_word' id='word_1_73' title='bbox 544 1474 617 1536; x_wconf 86' lang='lat' dir='ltr'><strong>suis</strong></span> <span class='ocrx_word' id='word_1_74' title='bbox 640 1473 873 1537; x_wconf 79' lang='lat' dir='ltr'><strong>cardinalibus</strong></span> <span class='ocrx_word' id='word_1_75' title='bbox 899 1472 942 1536; x_wconf 97' lang='lat' dir='ltr'><strong>ad</strong></span> <span class='ocrx_word' id='word_1_76' title='bbox 966 1490 1193 1548; x_wconf 84' lang='lat' dir='ltr'><strong>consensum3</strong></span> <span class='ocrx_word' id='word_1_77' title='bbox 1222 1471 1286 1532; x_wconf 84' lang='lat' dir='ltr'><strong>sic·</strong></span> 
     </span>
     <span class='ocr_line' id='line_1_15' title="bbox 340 1568 1286 1653; baseline -0.003 -19"><span class='ocrx_word' id='word_1_78' title='bbox 340 1589 408 1653; x_wconf 91' lang='lat' dir='ltr'><strong>que</strong></span> <span class='ocrx_word' id='word_1_79' title='bbox 435 1579 626 1637; x_wconf 90' lang='lat' dir='ltr'><strong>memorato</strong></span> <span class='ocrx_word' id='word_1_80' title='bbox 652 1573 831 1637; x_wconf 86' lang='lat' dir='ltr'><strong>Richardo</strong></span> <span class='ocrx_word' id='word_1_81' title='bbox 858 1592 927 1636; x_wconf 91' lang='lat' dir='ltr'><strong>non</strong></span> <span class='ocrx_word' id='word_1_82' title='bbox 953 1571 1063 1636; x_wconf 87' lang='lat' dir='ltr'><strong>electo</strong></span> <span class='ocrx_word' id='word_1_83' title='bbox 1087 1571 1131 1634; x_wconf 94' lang='lat' dir='ltr'><strong>ad</strong></span> <span class='ocrx_word' id='word_1_84' title='bbox 1157 1568 1286 1632; x_wconf 89' lang='lat' dir='ltr'><strong>archie-</strong></span> 
     </span>
     <span class='ocr_line' id='line_1_16' title="bbox 339 1665 1285 1753; baseline -0.001 -21"><span class='ocrx_word' id='word_1_85' title='bbox 339 1670 568 1753; x_wconf 91' lang='lat' dir='ltr'><strong>piscopatum,</strong></span> <span class='ocrx_word' id='word_1_86' title='bbox 593 1665 672 1736; x_wconf 84' lang='lat' dir='ltr'><strong>²sed</strong></span> <span class='ocrx_word' id='word_1_87' title='bbox 700 1672 795 1748; x_wconf 88' lang='lat' dir='ltr'><strong>dato,</strong></span> <span class='ocrx_word' id='word_1_88' title='bbox 821 1670 979 1735; x_wconf 89' lang='lat' dir='ltr'><strong>dominus</strong></span> <span class='ocrx_word' id='word_1_89' title='bbox 1000 1689 1093 1753; x_wconf 93' lang='lat' dir='ltr'><strong>papa</strong></span> <span class='ocrx_word' id='word_1_90' title='bbox 1117 1668 1285 1749; x_wconf 84' lang='lat' dir='ltr'><strong>suffraga-</strong></span> 
     </span>
     <span class='ocr_line' id='line_1_17' title="bbox 340 1768 1286 1836; baseline 0 -4"><span class='ocrx_word' id='word_1_91' title='bbox 340 1770 414 1833; x_wconf 92' lang='lat' dir='ltr'><strong>neis</strong></span> <span class='ocrx_word' id='word_1_92' title='bbox 432 1769 692 1835; x_wconf 85' lang='lat' dir='ltr'><strong>Cantuariensis</strong></span> <span class='ocrx_word' id='word_1_93' title='bbox 717 1771 870 1836; x_wconf 88' lang='lat' dir='ltr'><strong>ecelesiae</strong></span> <span class='ocrx_word' id='word_1_94' title='bbox 892 1771 1011 1835; x_wconf 85' lang='lat' dir='ltr'><strong>literas</strong></span> <span class='ocrx_word' id='word_1_95' title='bbox 1028 1770 1065 1832; x_wconf 96' lang='lat' dir='ltr'><strong>in</strong></span> <span class='ocrx_word' id='word_1_96' title='bbox 1085 1768 1159 1833; x_wconf 88' lang='lat' dir='ltr'><strong>haec</strong></span> <span class='ocrx_word' id='word_1_97' title='bbox 1179 1770 1286 1833; x_wconf 87' lang='lat' dir='ltr'><strong>verba</strong></span> 
     </span>
    </p>
   </div>
   <div class='ocr_carea' id='block_1_8' title="bbox 268 1868 1284 1953">
    <p class='ocr_par' dir='ltr' id='par_1_8' title="bbox 268 1868 1284 1953">
     <span class='ocr_line' id='line_1_18' title="bbox 268 1868 1284 1953; baseline 0 -21"><span class='ocrx_word' id='word_1_98' title='bbox 268 1937 272 1942; x_wconf 60' lang='grc'><strong><em>,</em></strong></span> <span class='ocrx_word' id='word_1_99' title='bbox 339 1868 486 1950; x_wconf 82' lang='lat' dir='ltr'><strong>direxit3</strong></span> <span class='ocrx_word' id='word_1_100' title='bbox 518 1870 733 1953; x_wconf 84' lang='lat' dir='ltr'><strong>‘Gregorius</strong></span> <span class='ocrx_word' id='word_1_101' title='bbox 762 1872 956 1953; x_wconf 90' lang='lat' dir='ltr'><strong>episcopus,</strong></span> <span class='ocrx_word' id='word_1_102' title='bbox 981 1876 1017 1935; x_wconf 93' lang='lat' dir='ltr'><strong>et</strong></span> <span class='ocrx_word' id='word_1_103' title='bbox 1037 1876 1174 1932; x_wconf 91' lang='lat' dir='ltr'><strong>caetera.</strong></span> <span class='ocrx_word' id='word_1_104' title='bbox 1228 1868 1284 1932; x_wconf 85' lang='lat' dir='ltr'><strong>Ex</strong></span> 
     </span>
    </p>
   </div>
   <div class='ocr_carea' id='block_1_9' title="bbox 336 1968 1288 3544">
    <p class='ocr_par' dir='ltr' id='par_1_9' title="bbox 336 1968 1288 3544">
     <span class='ocr_line' id='line_1_19' title="bbox 338 1968 1285 2051; baseline -0.001 -19"><span class='ocrx_word' id='word_1_105' title='bbox 338 1970 522 2034; x_wconf 91' lang='lat' dir='ltr'><strong>commissa</strong></span> <span class='ocrx_word' id='word_1_106' title='bbox 540 1971 639 2035; x_wconf 90' lang='lat' dir='ltr'><strong>nobis</strong></span> <span class='ocrx_word' id='word_1_107' title='bbox 658 1991 680 2035; x_wconf 92' lang='lat' dir='ltr'><strong>a</strong></span> <span class='ocrx_word' id='word_1_108' title='bbox 696 1971 848 2035; x_wconf 90' lang='lat' dir='ltr'><strong>Domino</strong></span> <span class='ocrx_word' id='word_1_109' title='bbox 868 1989 952 2033; x_wconf 91' lang='lat' dir='ltr'><strong>cura</strong></span> <span class='ocrx_word' id='word_1_110' title='bbox 967 1969 1152 2051; x_wconf 87' lang='lat' dir='ltr'><strong>pastoralis</strong></span> <span class='ocrx_word' id='word_1_111' title='bbox 1170 1968 1285 2046; x_wconf 89' lang='lat' dir='ltr'><strong>officii,</strong></span> 
     </span>
     <span class='ocr_line' id='line_1_20' title="bbox 339 2068 1284 2152; baseline -0.001 -20"><span class='ocrx_word' id='word_1_112' title='bbox 339 2077 374 2133; x_wconf 89' lang='lat' dir='ltr'><strong>et</strong></span> <span class='ocrx_word' id='word_1_113' title='bbox 391 2089 566 2146; x_wconf 91' lang='lat' dir='ltr'><strong>concessa,</strong></span> <span class='ocrx_word' id='word_1_114' title='bbox 589 2069 670 2135; x_wconf 92' lang='lat' dir='ltr'><strong>licet</strong></span> <span class='ocrx_word' id='word_1_115' title='bbox 690 2069 882 2146; x_wconf 90' lang='lat' dir='ltr'><strong>immeritis,</strong></span> <span class='ocrx_word' id='word_1_116' title='bbox 908 2068 1120 2152; x_wconf 88' lang='lat' dir='ltr'><strong>plenitudine</strong></span> <span class='ocrx_word' id='word_1_117' title='bbox 1144 2068 1284 2133; x_wconf 89' lang='lat' dir='ltr'><strong>ecclesi·</strong></span> 
     </span>
     <span class='ocr_line' id='line_1_21' title="bbox 340 2168 1286 2252; baseline 0 -22"><span class='ocrx_word' id='word_1_118' title='bbox 340 2168 459 2232; x_wconf 86' lang='lat' dir='ltr'><strong>asticae</strong></span> <span class='ocrx_word' id='word_1_119' title='bbox 482 2170 678 2252; x_wconf 88' lang='lat' dir='ltr'><strong>potestatis,</strong></span> <span class='ocrx_word' id='word_1_120' title='bbox 705 2170 862 2251; x_wconf 84' lang='lat' dir='ltr'><strong>cogimur</strong></span> <span class='ocrx_word' id='word_1_121' title='bbox 878 2168 1100 2232; x_wconf 90' lang='lat' dir='ltr'><strong>ecclesiarum</strong></span> <span class='ocrx_word' id='word_1_122' title='bbox 1121 2168 1286 2246; x_wconf 91' lang='lat' dir='ltr'><strong>omnium,</strong></span> 
     </span>
     <span class='ocr_line' id='line_1_22' title="bbox 338 2266 1286 2350; baseline 0.001 -20"><span class='ocrx_word' id='word_1_123' title='bbox 338 2287 400 2350; x_wconf 89' lang='lat' dir='ltr'><strong>per</strong></span> <span class='ocrx_word' id='word_1_124' title='bbox 415 2269 652 2350; x_wconf 88' lang='lat' dir='ltr'><strong>quotidianam</strong></span> <span class='ocrx_word' id='word_1_125' title='bbox 665 2268 878 2344; x_wconf 88' lang='lat' dir='ltr'><strong>instantiam,</strong></span> <span class='ocrx_word' id='word_1_126' title='bbox 896 2266 1161 2332; x_wconf 89' lang='lat' dir='ltr'><strong>sollicitudinem</strong></span> <span class='ocrx_word' id='word_1_127' title='bbox 1177 2275 1213 2331; x_wconf 93' lang='lat' dir='ltr'><strong>et</strong></span> <span class='ocrx_word' id='word_1_128' title='bbox 1225 2286 1286 2331; x_wconf 92' lang='lat' dir='ltr'><strong>cu·</strong></span> 
     </span>
     <span class='ocr_line' id='line_1_23' title="bbox 339 2367 1286 2452; baseline 0 -22"><span class='ocrx_word' id='word_1_129' title='bbox 339 2386 412 2430; x_wconf 90' lang='lat' dir='ltr'><strong>ram</strong></span> <span class='ocrx_word' id='word_1_130' title='bbox 438 2388 569 2449; x_wconf 85' lang='lat' dir='ltr'><strong>gerere,</strong></span> <span class='ocrx_word' id='word_1_131' title='bbox 591 2369 710 2452; x_wconf 90' lang='lat' dir='ltr'><strong>eisque</strong></span> <span class='ocrx_word' id='word_1_132' title='bbox 735 2389 814 2432; x_wconf 90' lang='lat' dir='ltr'><strong>cum</strong></span> <span class='ocrx_word' id='word_1_133' title='bbox 836 2367 1025 2431; x_wconf 86' lang='lat' dir='ltr'><strong>necessitas</strong></span> <span class='ocrx_word' id='word_1_134' title='bbox 1050 2368 1230 2448; x_wconf 89' lang='lat' dir='ltr'><strong>ingruerit,</strong></span> <span class='ocrx_word' id='word_1_135' title='bbox 1250 2374 1286 2431; x_wconf 91' lang='lat' dir='ltr'><strong>et</strong></span> 
     </span>
     <span class='ocr_line' id='line_1_24' title="bbox 339 2467 1285 2550; baseline -0.001 -20"><span class='ocrx_word' id='word_1_136' title='bbox 339 2487 383 2530; x_wconf 88' lang='lat' dir='ltr'><strong>ex</strong></span> <span class='ocrx_word' id='word_1_137' title='bbox 407 2467 554 2550; x_wconf 87' lang='lat' dir='ltr'><strong>justitiae</strong></span> <span class='ocrx_word' id='word_1_138' title='bbox 587 2467 702 2533; x_wconf 89' lang='lat' dir='ltr'><strong>debito</strong></span> <span class='ocrx_word' id='word_1_139' title='bbox 730 2476 832 2533; x_wconf 87' lang='lat' dir='ltr'><strong>etex</strong></span> <span class='ocrx_word' id='word_1_140' title='bbox 860 2467 983 2548; x_wconf 88' lang='lat' dir='ltr'><strong>gratiae</strong></span> <span class='ocrx_word' id='word_1_141' title='bbox 1015 2467 1192 2543; x_wconf 89' lang='lat' dir='ltr'><strong>beneficio,</strong></span> <span class='ocrx_word' id='word_1_142' title='bbox 1223 2486 1285 2548; x_wconf 92' lang='lat' dir='ltr'><strong>pa-</strong></span> 
     </span>
     <span class='ocr_line' id='line_1_25' title="bbox 338 2565 1285 2650; baseline -0.002 -20"><span class='ocrx_word' id='word_1_143' title='bbox 338 2573 439 2630; x_wconf 92' lang='lat' dir='ltr'><strong>terna</strong></span> <span class='ocrx_word' id='word_1_144' title='bbox 453 2567 633 2648; x_wconf 88' lang='lat' dir='ltr'><strong>diligentia</strong></span> <span class='ocrx_word' id='word_1_145' title='bbox 649 2568 842 2650; x_wconf 87' lang='lat' dir='ltr'><strong>providere.</strong></span> <span class='ocrx_word' id='word_1_146' title='bbox 894 2565 992 2630; x_wconf 89' lang='lat' dir='ltr'><strong>Inter</strong></span> <span class='ocrx_word' id='word_1_147' title='bbox 1008 2574 1152 2629; x_wconf 88' lang='lat' dir='ltr'><strong>caeteras</strong></span> <span class='ocrx_word' id='word_1_148' title='bbox 1169 2573 1285 2629; x_wconf 90' lang='lat' dir='ltr'><strong>autem</strong></span> 
     </span>
     <span class='ocr_line' id='line_1_26' title="bbox 337 2665 1286 2748; baseline -0.001 -19"><span class='ocrx_word' id='word_1_149' title='bbox 337 2666 563 2747; x_wconf 82' lang='lat' dir='ltr'><strong>particulares</strong></span> <span class='ocrx_word' id='word_1_150' title='bbox 596 2668 759 2731; x_wconf 91' lang='lat' dir='ltr'><strong>ecclesias</strong></span> <span class='ocrx_word' id='word_1_151' title='bbox 790 2675 827 2731; x_wconf 91' lang='lat' dir='ltr'><strong>et</strong></span> <span class='ocrx_word' id='word_1_152' title='bbox 858 2665 1068 2748; x_wconf 88' lang='lat' dir='ltr'><strong>metropoles</strong></span> <span class='ocrx_word' id='word_1_153' title='bbox 1105 2666 1286 2729; x_wconf 89' lang='lat' dir='ltr'><strong>universas</strong></span> 
     </span>
     <span class='ocr_line' id='line_1_27' title="bbox 338 2764 1288 2846; baseline 0 -18"><span class='ocrx_word' id='word_1_154' title='bbox 338 2765 383 2828; x_wconf 93' lang='lat' dir='ltr'><strong>ad</strong></span> <span class='ocrx_word' id='word_1_155' title='bbox 406 2764 690 2831; x_wconf 85' lang='lat' dir='ltr'><strong>Cantnariensem</strong></span> <span class='ocrx_word' id='word_1_156' title='bbox 713 2766 906 2843; x_wconf 89' lang='lat' dir='ltr'><strong>ecclesiam,</strong></span> <span class='ocrx_word' id='word_1_157' title='bbox 932 2771 1098 2846; x_wconf 91' lang='lat' dir='ltr'><strong>tanquam</strong></span> <span class='ocrx_word' id='word_1_158' title='bbox 1123 2765 1167 2828; x_wconf 95' lang='lat' dir='ltr'><strong>ad</strong></span> <span class='ocrx_word' id='word_1_159' title='bbox 1190 2765 1288 2828; x_wconf 92' lang='lat' dir='ltr'><strong>nobi-</strong></span> 
     </span>
     <span class='ocr_line' id='line_1_28' title="bbox 337 2864 1286 2955; baseline 0.003 -29"><span class='ocrx_word' id='word_1_160' title='bbox 337 2864 504 2928; x_wconf 89' lang='lat' dir='ltr'><strong>lissimum</strong></span> <span class='ocrx_word' id='word_1_161' title='bbox 524 2864 614 2930; x_wconf 89' lang='lat' dir='ltr'><strong>sedis</strong></span> <span class='ocrx_word' id='word_1_162' title='bbox 638 2865 840 2955; x_wconf 80' lang='lat' dir='ltr'><strong>apostolieae</strong></span> <span class='ocrx_word' id='word_1_163' title='bbox 857 2866 1060 2941; x_wconf 89' lang='lat' dir='ltr'><strong>membrum,</strong></span> <span class='ocrx_word' id='word_1_164' title='bbox 1076 2865 1113 2927; x_wconf 90' lang='lat' dir='ltr'><strong>in</strong></span> <span class='ocrx_word' id='word_1_165' title='bbox 1130 2864 1206 2948; x_wconf 87' lang='lat' dir='ltr'><strong>ejus</strong></span> <span class='ocrx_word' id='word_1_166' title='bbox 1223 2885 1286 2947; x_wconf 92' lang='lat' dir='ltr'><strong>op-</strong></span> 
     </span>
     <span class='ocr_line' id='line_1_29' title="bbox 337 2964 1286 3046; baseline 0 -18"><span class='ocrx_word' id='word_1_167' title='bbox 337 2965 606 3046; x_wconf 88' lang='lat' dir='ltr'><strong>portunitatibus</strong></span> <span class='ocrx_word' id='word_1_168' title='bbox 640 2966 759 3030; x_wconf 90' lang='lat' dir='ltr'><strong>oculos</strong></span> <span class='ocrx_word' id='word_1_169' title='bbox 798 2964 1083 3028; x_wconf 89' lang='lat' dir='ltr'><strong>considerationis</strong></span> <span class='ocrx_word' id='word_1_170' title='bbox 1119 2965 1286 3046; x_wconf 86' lang='lat' dir='ltr'><strong>expandi·</strong></span> 
     </span>
     <span class='ocr_line' id='line_1_30' title="bbox 336 3062 1284 3147; baseline 0.001 -20"><span class='ocrx_word' id='word_1_171' title='bbox 336 3084 425 3142; x_wconf 90' lang='lat' dir='ltr'><strong>mus,</strong></span> <span class='ocrx_word' id='word_1_172' title='bbox 448 3083 551 3147; x_wconf 92' lang='lat' dir='ltr'><strong>quam</strong></span> <span class='ocrx_word' id='word_1_173' title='bbox 572 3074 684 3130; x_wconf 91' lang='lat' dir='ltr'><strong>mater</strong></span> <span class='ocrx_word' id='word_1_174' title='bbox 700 3063 935 3141; x_wconf 90' lang='lat' dir='ltr'><strong>ecclesiarum,</strong></span> <span class='ocrx_word' id='word_1_175' title='bbox 958 3063 1151 3146; x_wconf 91' lang='lat' dir='ltr'><strong>apostolica</strong></span> <span class='ocrx_word' id='word_1_176' title='bbox 1172 3062 1284 3142; x_wconf 88' lang='lat' dir='ltr'><strong>sedes,</strong></span> 
     </span>
     <span class='ocr_line' id='line_1_31' title="bbox 337 3154 1285 3247; baseline 0.002 -21"><span class='ocrx_word' id='word_1_177' title='bbox 337 3170 436 3227; x_wconf 91' lang='lat' dir='ltr'><strong>tanto</strong></span> <span class='ocrx_word' id='word_1_178' title='bbox 464 3165 657 3245; x_wconf 89' lang='lat' dir='ltr'><strong>benigniori</strong></span> <span class='ocrx_word' id='word_1_179' title='bbox 684 3154 787 3229; x_wconf 90' lang='lat' dir='ltr'><strong>debet</strong></span> <span class='ocrx_word' id='word_1_180' title='bbox 810 3163 930 3228; x_wconf 81' lang='lat' dir='ltr'><strong>favore</strong></span> <span class='ocrx_word' id='word_1_181' title='bbox 956 3164 1130 3247; x_wconf 88' lang='lat' dir='ltr'><strong>prosequi,</strong></span> <span class='ocrx_word' id='word_1_182' title='bbox 1153 3175 1285 3245; x_wconf 92' lang='lat' dir='ltr'><strong>quanto</strong></span> 
     </span>
     <span class='ocr_line' id='line_1_32' title="bbox 337 3263 1283 3346; baseline 0.001 -21"><span class='ocrx_word' id='word_1_183' title='bbox 337 3281 413 3325; x_wconf 92' lang='lat' dir='ltr'><strong>eam</strong></span> <span class='ocrx_word' id='word_1_184' title='bbox 433 3264 522 3327; x_wconf 88' lang='lat' dir='ltr'><strong>inter</strong></span> <span class='ocrx_word' id='word_1_185' title='bbox 545 3264 633 3327; x_wconf 93' lang='lat' dir='ltr'><strong>alias</strong></span> <span class='ocrx_word' id='word_1_186' title='bbox 652 3264 772 3329; x_wconf 88' lang='lat' dir='ltr'><strong>divina</strong></span> <span class='ocrx_word' id='word_1_187' title='bbox 793 3263 974 3345; x_wconf 91' lang='lat' dir='ltr'><strong>dispositio</strong></span> <span class='ocrx_word' id='word_1_188' title='bbox 994 3264 1031 3326; x_wconf 92' lang='lat' dir='ltr'><strong>in</strong></span> <span class='ocrx_word' id='word_1_189' title='bbox 1053 3263 1283 3346; x_wconf 88' lang='lat' dir='ltr'><strong>spiritualium</strong></span> 
     </span>
     <span class='ocr_line' id='line_1_33' title="bbox 336 3360 1285 3446; baseline 0.003 -23"><span class='ocrx_word' id='word_1_190' title='bbox 336 3360 549 3443; x_wconf 88' lang='lat' dir='ltr'><strong>plenitudine</strong></span> <span class='ocrx_word' id='word_1_191' title='bbox 567 3372 602 3428; x_wconf 93' lang='lat' dir='ltr'><strong>et</strong></span> <span class='ocrx_word' id='word_1_192' title='bbox 619 3363 859 3446; x_wconf 88' lang='lat' dir='ltr'><strong>temporalium</strong></span> <span class='ocrx_word' id='word_1_193' title='bbox 880 3363 1038 3427; x_wconf 89' lang='lat' dir='ltr'><strong>ubertate</strong></span> <span class='ocrx_word' id='word_1_194' title='bbox 1060 3363 1174 3445; x_wconf 88' lang='lat' dir='ltr'><strong>gratia</strong></span> <span class='ocrx_word' id='word_1_195' title='bbox 1195 3383 1285 3446; x_wconf 86' lang='lat' dir='ltr'><strong>prae-</strong></span> 
     </span>
     <span class='ocr_line' id='line_1_34' title="bbox 336 3461 1285 3544; baseline 0.002 -21"><span class='ocrx_word' id='word_1_196' title='bbox 336 3461 417 3525; x_wconf 90' lang='lat' dir='ltr'><strong>tulit</strong></span> <span class='ocrx_word' id='word_1_197' title='bbox 442 3462 613 3544; x_wconf 90' lang='lat' dir='ltr'><strong>ampliori.</strong></span> <span class='ocrx_word' id='word_1_198' title='bbox 682 3463 787 3526; x_wconf 93' lang='lat' dir='ltr'><strong>Hanc</strong></span> <span class='ocrx_word' id='word_1_199' title='bbox 812 3463 938 3527; x_wconf 91' lang='lat' dir='ltr'><strong>etenim</strong></span> <span class='ocrx_word' id='word_1_200' title='bbox 966 3462 1063 3527; x_wconf 89' lang='lat' dir='ltr'><strong>velut</strong></span> <span class='ocrx_word' id='word_1_201' title='bbox 1087 3461 1285 3544; x_wconf 90' lang='lat' dir='ltr'><strong>paradisum</strong></span> 
     </span>
    </p>
   </div>
   <div class='ocr_carea' id='block_1_10' title="bbox 336 3638 1286 4262">
    <p class='ocr_par' dir='ltr' id='par_1_10' title="bbox 336 3638 1286 4057">
     <span class='ocr_line' id='line_1_35' title="bbox 372 3638 1285 3710; baseline 0.002 -18"><span class='ocrx_word' id='word_1_202' title='bbox 372 3638 537 3710; x_wconf 82' lang='lat' dir='ltr'><strong>¹Rr&#39;clrcrdo.]</strong></span> <span class='ocrx_word' id='word_1_203' title='bbox 554 3645 586 3693; x_wconf 89' lang='lat' dir='ltr'><strong>In</strong></span> <span class='ocrx_word' id='word_1_204' title='bbox 602 3645 645 3694; x_wconf 86' lang='lat' dir='ltr'><strong>the</strong></span> <span class='ocrx_word' id='word_1_205' title='bbox 661 3646 797 3707; x_wconf 79' lang='lat' dir='ltr'><strong>Waverley</strong></span> <span class='ocrx_word' id='word_1_206' title='bbox 822 3644 878 3694; x_wconf 85' lang='lat' dir='ltr'><strong>tbat</strong></span> <span class='ocrx_word' id='word_1_207' title='bbox 889 3659 948 3694; x_wconf 85' lang='lat' dir='ltr'><strong>ever</strong></span> <span class='ocrx_word' id='word_1_208' title='bbox 958 3644 1001 3693; x_wconf 86' lang='lat' dir='ltr'><strong>the</strong></span> <span class='ocrx_word' id='word_1_209' title='bbox 1012 3659 1078 3706; x_wconf 86' lang='lat' dir='ltr'><strong>pope</strong></span> <span class='ocrx_word' id='word_1_210' title='bbox 1086 3645 1145 3694; x_wconf 85' lang='lat' dir='ltr'><strong>toolr</strong></span> <span class='ocrx_word' id='word_1_211' title='bbox 1154 3661 1223 3707; x_wconf 85' lang='lat' dir='ltr'><strong>upon</strong></span> <span class='ocrx_word' id='word_1_212' title='bbox 1232 3645 1285 3694; x_wconf 86' lang='lat' dir='ltr'><strong>him</strong></span> 
     </span>
     <span class='ocr_line' id='line_1_36' title="bbox 338 3714 1285 3776; baseline 0.004 -16"><span class='ocrx_word' id='word_1_213' title='bbox 338 3714 437 3762; x_wconf 88' lang='lat' dir='ltr'><strong>Annals</strong></span> <span class='ocrx_word' id='word_1_214' title='bbox 448 3715 797 3775; x_wconf 83' lang='lat' dir='ltr'><strong>isanotetotheeffecttbat,</strong></span> <span class='ocrx_word' id='word_1_215' title='bbox 822 3719 848 3763; x_wconf 88' lang='lat' dir='ltr'><strong>to</strong></span> <span class='ocrx_word' id='word_1_216' title='bbox 865 3715 1000 3776; x_wconf 84' lang='lat' dir='ltr'><strong>nominate,</strong></span> <span class='ocrx_word' id='word_1_217' title='bbox 1011 3714 1119 3762; x_wconf 86' lang='lat' dir='ltr'><strong>without</strong></span> <span class='ocrx_word' id='word_1_218' title='bbox 1135 3729 1151 3762; x_wconf 87' lang='lat' dir='ltr'><strong>a</strong></span> <span class='ocrx_word' id='word_1_219' title='bbox 1167 3716 1285 3775; x_wconf 85' lang='lat' dir='ltr'><strong>previous</strong></span> 
     </span>
     <span class='ocr_line' id='line_1_37' title="bbox 337 3782 1286 3845; baseline 0.004 -16"><span class='ocrx_word' id='word_1_220' title='bbox 337 3782 401 3830; x_wconf 89' lang='lat' dir='ltr'><strong>until</strong></span> <span class='ocrx_word' id='word_1_221' title='bbox 410 3782 658 3845; x_wconf 85' lang='lat' dir='ltr'><strong>thisindividual,no</strong></span> <span class='ocrx_word' id='word_1_222' title='bbox 666 3789 717 3834; x_wconf 88' lang='lat' dir='ltr'><strong>two</strong></span> <span class='ocrx_word' id='word_1_223' title='bbox 725 3785 798 3834; x_wconf 87' lang='lat' dir='ltr'><strong>arch·</strong></span> <span class='ocrx_word' id='word_1_224' title='bbox 822 3783 929 3833; x_wconf 88' lang='lat' dir='ltr'><strong>election</strong></span> <span class='ocrx_word' id='word_1_225' title='bbox 951 3784 1048 3845; x_wconf 78' lang='lat' dir='ltr'><strong>hythe</strong></span> <span class='ocrx_word' id='word_1_226' title='bbox 1070 3789 1177 3832; x_wconf 83' lang='lat' dir='ltr'><strong>convent</strong></span> <span class='ocrx_word' id='word_1_227' title='bbox 1199 3799 1227 3833; x_wconf 90' lang='lat' dir='ltr'><strong>or</strong></span> <span class='ocrx_word' id='word_1_228' title='bbox 1248 3786 1286 3833; x_wconf 91' lang='lat' dir='ltr'><strong>bi·</strong></span> 
     </span>
     <span class='ocr_line' id='line_1_38' title="bbox 337 3851 1285 3915; baseline 0.004 -16"><span class='ocrx_word' id='word_1_229' title='bbox 337 3851 711 3915; x_wconf 84' lang='lat' dir='ltr'><strong>bishopsoiCanterburyhad</strong></span> <span class='ocrx_word' id='word_1_230' title='bbox 721 3856 798 3904; x_wconf 89' lang='lat' dir='ltr'><strong>borne</strong></span> <span class='ocrx_word' id='word_1_231' title='bbox 823 3853 915 3915; x_wconf 78' lang='lat' dir='ltr'><strong>shops3</strong></span> <span class='ocrx_word' id='word_1_232' title='bbox 932 3855 982 3902; x_wconf 87' lang='lat' dir='ltr'><strong>vol.</strong></span> <span class='ocrx_word' id='word_1_233' title='bbox 1002 3855 1032 3904; x_wconf 84' lang='lat' dir='ltr'><strong>ii.</strong></span> <span class='ocrx_word' id='word_1_234' title='bbox 1052 3868 1079 3915; x_wconf 90' lang='lat' dir='ltr'><strong>p.</strong></span> <span class='ocrx_word' id='word_1_235' title='bbox 1099 3856 1156 3903; x_wconf 84' lang='grc'><strong>866.</strong></span> <span class='ocrx_word' id='word_1_236' title='bbox 1192 3853 1224 3901; x_wconf 90' lang='lat' dir='ltr'><strong>In</strong></span> <span class='ocrx_word' id='word_1_237' title='bbox 1242 3854 1285 3903; x_wconf 88' lang='lat' dir='ltr'><strong>the</strong></span> 
     </span>
     <span class='ocr_line' id='line_1_39' title="bbox 336 3921 1286 3986; baseline 0.003 -17"><span class='ocrx_word' id='word_1_238' title='bbox 336 3921 379 3969; x_wconf 90' lang='lat' dir='ltr'><strong>the</strong></span> <span class='ocrx_word' id='word_1_239' title='bbox 391 3935 459 3970; x_wconf 88' lang='lat' dir='ltr'><strong>same</strong></span> <span class='ocrx_word' id='word_1_240' title='bbox 470 3936 566 3972; x_wconf 82' lang='lat' dir='ltr'><strong>names.</strong></span> <span class='ocrx_word' id='word_1_241' title='bbox 602 3923 655 3971; x_wconf 90' lang='lat' dir='ltr'><strong>The</strong></span> <span class='ocrx_word' id='word_1_242' title='bbox 668 3938 799 3974; x_wconf 86' lang='lat' dir='ltr'><strong>successor</strong></span> <span class='ocrx_word' id='word_1_243' title='bbox 823 3922 956 3972; x_wconf 78' lang='lat' dir='ltr'><strong>chmnicle</strong></span> <span class='ocrx_word' id='word_1_244' title='bbox 967 3922 996 3972; x_wconf 82' lang='lat' dir='ltr'><strong>oi</strong></span> <span class='ocrx_word' id='word_1_245' title='bbox 1004 3924 1147 3972; x_wconf 87' lang='lat' dir='ltr'><strong>Dunstable</strong></span> <span class='ocrx_word' id='word_1_246' title='bbox 1159 3923 1209 3972; x_wconf 88' lang='lat' dir='ltr'><strong>itis</strong></span> <span class='ocrx_word' id='word_1_247' title='bbox 1220 3924 1286 3986; x_wconf 87' lang='lat' dir='ltr'><strong>said,</strong></span> 
     </span>
     <span class='ocr_line' id='line_1_40' title="bbox 336 3989 1285 4057; baseline 0.004 -18"><span class='ocrx_word' id='word_1_248' title='bbox 336 3989 366 4039; x_wconf 87' lang='lat' dir='ltr'><strong>ol&#39;</strong></span> <span class='ocrx_word' id='word_1_249' title='bbox 375 3989 471 4039; x_wconf 84' lang='lat' dir='ltr'><strong>Becket</strong></span> <span class='ocrx_word' id='word_1_250' title='bbox 482 4006 536 4039; x_wconf 86' lang='lat' dir='ltr'><strong>was</strong></span> <span class='ocrx_word' id='word_1_251' title='bbox 545 3991 587 4040; x_wconf 85' lang='lat' dir='ltr'><strong>tbc</strong></span> <span class='ocrx_word' id='word_1_252' title='bbox 597 3993 652 4041; x_wconf 86' lang='lat' dir='ltr'><strong>first</strong></span> <span class='ocrx_word' id='word_1_253' title='bbox 660 3993 781 4043; x_wconf 85' lang='lat' dir='ltr'><strong>Richard.</strong></span> <span class='ocrx_word' id='word_1_254' title='bbox 822 3992 886 4053; x_wconf 87' lang='lat' dir='ltr'><strong>that,</strong></span> <span class='ocrx_word' id='word_1_255' title='bbox 894 3993 936 4041; x_wconf 90' lang='lat' dir='ltr'><strong>the</strong></span> <span class='ocrx_word' id='word_1_256' title='bbox 945 3993 1052 4042; x_wconf 86' lang='lat' dir='ltr'><strong>election</strong></span> <span class='ocrx_word' id='word_1_257' title='bbox 1063 3991 1092 4041; x_wconf 82' lang='lat' dir='ltr'><strong>oi</strong></span> <span class='ocrx_word' id='word_1_258' title='bbox 1101 3993 1198 4042; x_wconf 84' lang='lat' dir='ltr'><strong>Walter</strong></span> <span class='ocrx_word' id='word_1_259' title='bbox 1208 3993 1285 4057; x_wconf 82' lang='lat' dir='ltr'><strong>being</strong></span> 
     </span>
    </p>

    <p class='ocr_par' dir='ltr' id='par_1_11' title="bbox 336 4056 1284 4262">
     <span class='ocr_line' id='line_1_41' title="bbox 371 4056 1284 4123; baseline 0.003 -14"><span class='ocrx_word' id='word_1_260' title='bbox 371 4056 443 4109; x_wconf 66' lang='lat' dir='ltr'><strong>&#39;Sed</strong></span> <span class='ocrx_word' id='word_1_261' title='bbox 459 4061 536 4123; x_wconf 75' lang='lat' dir='ltr'><strong>dota]</strong></span> <span class='ocrx_word' id='word_1_262' title='bbox 559 4061 658 4122; x_wconf 83' lang='lat' dir='ltr'><strong>Tyrrell</strong></span> <span class='ocrx_word' id='word_1_263' title='bbox 677 4063 800 4123; x_wconf 83' lang='lat' dir='ltr'><strong>remarks,</strong></span> <span class='ocrx_word' id='word_1_264' title='bbox 823 4061 942 4110; x_wconf 84' lang='lat' dir='ltr'><strong>declared</strong></span> <span class='ocrx_word' id='word_1_265' title='bbox 968 4063 1037 4123; x_wconf 84' lang='lat' dir='ltr'><strong>void,</strong></span> <span class='ocrx_word' id='word_1_266' title='bbox 1062 4062 1104 4111; x_wconf 88' lang='lat' dir='ltr'><strong>the</strong></span> <span class='ocrx_word' id='word_1_267' title='bbox 1133 4063 1223 4112; x_wconf 86' lang='lat' dir='ltr'><strong>monhs</strong></span> <span class='ocrx_word' id='word_1_268' title='bbox 1245 4063 1284 4113; x_wconf 81' lang='lat' dir='ltr'><strong>ior</strong></span> 
     </span>
     <span class='ocr_line' id='line_1_42' title="bbox 336 4129 1283 4196; baseline 0.004 -18"><span class='ocrx_word' id='word_1_269' title='bbox 336 4129 391 4179; x_wconf 83' lang='lat' dir='ltr'><strong>that</strong></span> <span class='ocrx_word' id='word_1_270' title='bbox 411 4130 461 4178; x_wconf 88' lang='lat' dir='ltr'><strong>this</strong></span> <span class='ocrx_word' id='word_1_271' title='bbox 479 4145 533 4178; x_wconf 86' lang='lat' dir='ltr'><strong>was</strong></span> <span class='ocrx_word' id='word_1_272' title='bbox 553 4146 569 4179; x_wconf 88' lang='lat' dir='ltr'><strong>a</strong></span> <span class='ocrx_word' id='word_1_273' title='bbox 588 4146 645 4180; x_wconf 87' lang='lat' dir='ltr'><strong>new</strong></span> <span class='ocrx_word' id='word_1_274' title='bbox 666 4130 800 4180; x_wconf 87' lang='lat' dir='ltr'><strong>encroach-</strong></span> <span class='ocrx_word' id='word_1_275' title='bbox 823 4130 1283 4196; x_wconf 72' lang='lat' dir='ltr'><strong>thatturnhadlosttheirprivilcge5</strong></span> 
     </span>
     <span class='ocr_line' id='line_1_43' title="bbox 336 4200 920 4262; baseline 0.003 -14"><span class='ocrx_word' id='word_1_276' title='bbox 336 4205 412 4260; x_wconf 86' lang='lat' dir='ltr'><strong>ment,</strong></span> <span class='ocrx_word' id='word_1_277' title='bbox 437 4200 487 4248; x_wconf 88' lang='lat' dir='ltr'><strong>and</strong></span> <span class='ocrx_word' id='word_1_278' title='bbox 510 4200 552 4248; x_wconf 89' lang='lat' dir='ltr'><strong>the</strong></span> <span class='ocrx_word' id='word_1_279' title='bbox 574 4202 627 4250; x_wconf 89' lang='lat' dir='ltr'><strong>first</strong></span> <span class='ocrx_word' id='word_1_280' title='bbox 649 4201 800 4262; x_wconf 87' lang='lat' dir='ltr'><strong>archbishop</strong></span> <span class='ocrx_word' id='word_1_281' title='bbox 825 4216 851 4261; x_wconf 90' lang='lat' dir='ltr'><strong>p.</strong></span> <span class='ocrx_word' id='word_1_282' title='bbox 864 4205 920 4250; x_wconf 80' lang='lat'><strong>186.</strong></span> 
     </span>
    </p>
   </div>
   <div class='ocr_carea' id='block_1_11' title="bbox 0 0 1436 4866">
    <p class='ocr_par' dir='ltr' id='par_1_12' title="bbox 0 0 1436 4866">
     <span class='ocr_line' id='line_1_44' title="bbox 0 0 1436 4866; baseline 0 1"><span class='ocrx_word' id='word_1_283' title='bbox 0 0 1436 4866; x_wconf 95' lang='lat' dir='ltr'><strong> </strong></span> 
     </span>
    </p>
   </div>
  </div>
 </body>
</html>
