2864 4866
423 416 561 465 anonas
584 416 854 467 nrsronrnnun.
1048 404 1116 469 123

160 574 340 652 discessio,
358 575 449 658 quod
473 578 571 642 Deus
593 579 753 643 avertat!
806 578 875 643 His
899 579 1039 658 auditis,
1064 602 1117 646 re·
1134 599 1190 641 an.
1202 600 1258 641 122⁶.

157 674 300 758 spondit
315 675 465 758 legatus,
484 685 524 741 ut
542 678 735 755 videbatur,
758 679 944 762 plurimum
967 701 1120 746 commo-

159 783 217 840 tus
232 777 386 854 inbono,
403 796 441 841 se
461 797 539 842 cum
558 788 649 843 esset
664 780 700 843 in
722 781 819 846 curia
841 800 1020 864 nunquam
1039 782 1120 847 huic

164 878 340 941 exactioni
357 879 584 957 consensisse,
608 888 643 944 et
665 881 777 963 ipsum
799 881 919 945 literas
944 884 1120 965 accepisse

163 984 349 1061 postquam
373 977 524 1043 Galliam
551 980 664 1044 fuerat
690 981 879 1062 ingressus
909 989 944 1046 et
970 1003 1007 1046 se
1031 984 1119 1046 mul·

167 1087 240 1142 tum
270 1097 375 1162 super
406 1078 481 1144 haec
512 1080 686 1161 doluisse;
719 1081 850 1146 addidit
875 1083 992 1159 etiam,
1017 1103 1121 1166 super

164 1178 237 1243 haeo
261 1179 424 1262 quicquid
447 1181 623 1264 praecepit,
652 1201 690 1245 se
721 1180 783 1244 tali
807 1182 1015 1260 conditione,
1040 1183 1121 1248 licet

168 1280 288 1357 tacita,
319 1280 547 1359 intellexisse,
576 1281 606 1344 si
636 1282 818 1364 imperium
849 1290 883 1347 et
911 1282 980 1346 alia
1013 1303 1121 1366 regna

168 1381 424 1461 consentirent3
452 1381 613 1465 adjunxit
630 1382 784 1464 insuper,
802 1401 839 1446 se
861 1382 947 1447 nihil
971 1384 1120 1465 amplius

168 1500 272 1564 super
295 1480 370 1545 haec
389 1487 676 1564 attemptaturum
701 1482 812 1546 donec
834 1502 896 1565 per
921 1502 1029 1564 regna
1051 1484 1120 1548 alia

167 1581 304 1665 praelati
321 1583 571 1660 consenserint,
581 1582 672 1663 quod
689 1582 833 1647 credidit
852 1584 1034 1666 provenire
1050 1604 1119 1649 non

163 1701 276 1766 posse.

256 1857 345 1937 Quod
359 1858 504 1944 mopsien
523 1859 598 1924 otto
613 1860 744 1923 Romam
758 1860 875 1924 incitus
889 1860 1026 1924 redarii.

209 1982 338 2047 Eodem
357 2003 460 2062 anno,
478 2005 555 2048 cum
573 1977 741 2066 magister
752 1984 858 2062 Otho,
875 1985 1003 2049 domini
1016 2004 1117 2067 papae
1131 2009 1241 2056 onata

167 2083 321 2161 nuntius,
352 2092 508 2166 tempore
535 2084 836 2167 Quadragesimali
864 2085 908 2149 ad
937 2059 1281 2161 Noster-hihi&

165 2183 356 2248 humbriam
384 2185 601 2267 profecturus
631 2193 667 2249 et
697 2185 959 2268 procurationes
986 2184 1118 2249 deside-

165 2292 259 2349 ratas
287 2293 487 2364 exacturus,
511 2285 788 2349 Norhamtonam
810 2305 921 2369 usque
943 2287 1115 2368 pervenis-

165 2391 230 2462 set,
244 2385 471 2450 veneruntad
491 2404 582 2462 eum,
597 2384 840 2450 Cantuariensi
859 2386 1118 2468 archiepiscopo

166 2493 386 2568 procurante,
411 2487 520 2550 literae
545 2484 675 2549 domini
697 2505 810 2570 papae,
834 2487 1015 2569 inquibus
1037 2506 1117 2550 con·

165 2586 340 2650 tinebatur
361 2605 573 2668 expressum,
597 2587 777 2650 utstatim
804 2586 886 2651 visis
912 2587 1021 2651 literis
1044 2586 1117 2651 Ro·

166 2704 258 2749 mam
289 2687 435 2762 veniret,
465 2685 541 2769 ejus
572 2693 745 2768 potestate
773 2686 909 2769 penitus
940 2694 1115 2751 enervata.

168 2785 318 2870 Obliquo
347 2788 454 2869 igitur
488 2787 588 2849 oculo
621 2787 729 2850 literis
760 2789 935 2869 inspectis,
967 2788 1116 2852 demisso

166 2887 265 2951 vultu
301 2906 361 2951 eas
394 2885 540 2970 projecit
566 2886 601 2949 in
632 2886 759 2968 ignem,
782 2895 887 2968 atque
920 2888 1014 2951 illico
1037 2908 1114 2969 pro·

166 2987 280 3069 posito
296 2993 442 3064 mutato,
457 2984 595 3050 clitellis
614 2987 731 3050 vacuis
746 2987 907 3051 confusus
926 2988 969 3051 ab
984 2984 1116 3068 Anglia

166 3087 330 3167 recessit;
352 3087 509 3170 injuncto
532 3086 720 3168 Stephano,
743 3085 985 3150 Cantuariensi
1007 3086 1116 3151 archi-

166 3186 339 3269 episcopo,
363 3187 452 3251 sicut
477 3194 552 3251 erat
573 3187 609 3249 in
637 3185 746 3250 literis
772 3185 900 3250 domini
928 3205 1028 3270 papae
1054 3206 1115 3250 ex·

168 3306 336 3370 pressum,
354 3293 405 3364 ut,
423 3287 623 3351 convocatis
647 3307 729 3368 rege
751 3294 785 3351 et
803 3287 962 3349 omnibus
979 3285 1118 3367 Angliae

167 3387 334 3470 praelatis,
360 3407 563 3470 responsum
592 3407 709 3451 eorum
743 3406 847 3469 super
872 3387 1025 3467 negotio,
1055 3407 1117 3469 pro

168 3506 237 3569 quo
266 3488 356 3551 idem
388 3486 482 3552 Otho
514 3487 639 3552 missus
675 3488 800 3564 suerat,
837 3486 976 3550 domino
1017 3506 1117 3570 papae

169 3588 404 3652 transmittere
414 3607 485 3652 non
496 3587 645 3652 omittat.
677 3589 849 3670 Magistro
863 3587 969 3670 igitur
981 3585 1119 3652 Othone

168 3685 334 3770 Angliam
361 3707 383 3751 a
410 3696 510 3771 tergo
540 3687 727 3764 salutante,
751 3687 959 3771 Stephanus,
987 3687 1117 3752 Cantu-

169 3787 313 3853 ariensis
356 3787 648 3870 archiepiscopus,
680 3788 815 3851 vocatis
852 3789 895 3852 ad
935 3789 1118 3852 concilium

170 3889 262 3972 apud
292 3887 640 3953 westmonasterium
677 3894 757 3970 post
795 3886 933 3952 Pascha
973 3890 1119 3967 cunctis,

170 4008 258 4072 quos
292 3990 470 4071 negotium
506 3989 682 4071 tangebat,
714 3988 852 4051 recitari
887 3987 969 4051 fecit
1001 3988 1119 4052 literas

168 4089 422 4173 suprascriptas
436 4089 478 4152 de
493 4088 666 4152 beneficiis
680 4088 849 4152 Romanae
866 4087 1020 4151 ecclesiae
1036 4108 1118 4151 con·

170 4189 318 4255 ferendis
341 4209 457 4254 coram
482 4209 562 4272 rego
586 4196 622 4253 et
646 4189 799 4272 praelatis
820 4187 971 4270 Angliae,
991 4189 1050 4270 qui
1076 4188 1119 4251 ad
