2864 4866
360 489 426 555 208
621 505 756 553 aecum
784 505 831 552 ou
854 503 1063 554 wnuuovun

196 685 252 725 nu.
263 685 320 724 1230.
357 664 430 729 suis
448 664 613 728 militibus
627 664 842 751 indumenta.
896 663 1103 726 Rexautem
1116 660 1314 744 Anglerunr

359 765 505 848 prodiga
518 764 725 828 liberalitate
745 763 818 845 regi
838 761 1020 826 Scotorum
1039 762 1187 826 contulit
1205 783 1315 844 equos

358 865 539 949 pretiosos
555 877 639 928 'cum
656 863 793 928 annulis
810 861 928 926 multis
945 882 986 925 ac
1003 861 1169 943 gemmis3
1195 870 1314 943 atque,

359 966 449 1030 festo
474 985 536 1048 per
562 965 713 1029 triduum
734 963 949 1038 continuato,
972 962 1203 1044 epulabantur
1228 982 1314 1044 quo-

360 1066 443 1131 tidie
466 1064 654 1148 splendide,
681 1070 815 1128 tantam
840 1062 1094 1126 solemnitatem
1117 1061 1153 1123 in
1176 1062 1315 1125 exulta-

361 1167 454 1229 tione
473 1173 509 1229 et
526 1163 650 1229 laetitia
670 1164 894 1228 celebrantes.
947 1162 1016 1225 Die
1035 1168 1152 1224 autem
1175 1169 1313 1243 quarte,

360 1253 523 1329 concione
539 1264 666 1340 soluta,
679 1283 742 1327 rex
757 1262 938 1326 Scotorum
955 1263 990 1324 in
1008 1281 1106 1325 suam
1125 1261 1313 1325 revertitur

361 1365 547 1446 regionem,
563 1383 627 1427 rex
642 1361 836 1444 Anglorum
851 1361 1051 1426 Londonias
1067 1362 1286 1445 properabat.

200 1543 210 1572 ⁸
291 1493 302 1522 r
421 1462 577 1545 Contigit
599 1461 719 1527 eodem
746 1470 912 1544 tempore,
934 1461 971 1524 in
995 1461 1050 1525 die
1073 1462 1205 1525 scilicet
1228 1480 1312 1524 con-

219 1544 243 1623 ⁰n
258 1544 298 1623 oni
359 1563 527 1628 versionis
555 1563 668 1626 sancti
697 1561 812 1638 Pauli,
847 1562 883 1624 in
923 1562 1006 1624 urbe
1040 1560 1313 1637 Londoniarum,

359 1663 441 1727 dum
472 1663 653 1745 episcopus
683 1661 837 1727 civitatis
873 1661 910 1724 in
942 1661 1088 1725 ecclesia
1120 1661 1312 1724 cathedrali

359 1770 440 1828 ante
463 1762 576 1846 majus
602 1762 713 1827 altare
739 1768 848 1826 staret
872 1760 1040 1825 infulatus
1065 1761 1108 1825 ad
1132 1761 1313 1824 celebran-

359 1862 440 1926 dum
463 1862 593 1938 divina,
615 1868 787 1944 praesente
808 1860 938 1944 populo
960 1860 1114 1925 civitatis
1136 1862 1180 1924 ob
1207 1861 1315 1924 heno-

360 1982 432 2026 rem
453 1961 547 2026 beati
574 1961 677 2025 Pauli
704 1969 928 2043 congregato,
954 1961 1046 2042 qued
1073 1969 1173 2025 tanta
1197 1962 1314 2025 subito

360 2061 396 2125 in
430 2081 509 2127 aere
544 2062 638 2126 facta
673 2069 728 2125 est
759 2061 902 2124 nubium
935 2060 1089 2125 densitas
1123 2068 1158 2125 et
1190 2061 1315 2125 solaris

361 2162 575 2227 obnubilatio
606 2161 785 2236 claritatis
814 2160 941 2225 utrix
968 2161 1082 2224 socius
1114 2161 1246 2224 socium
1272 2162 1315 2224 in

361 2262 506 2327 ecclesia
542 2261 659 2327 videre
691 2268 820 2345 posset.
883 2258 1146 2324 Admirantibus
1178 2263 1314 2326 cunctis

361 2368 397 2425 et
419 2361 509 2426 diem
529 2361 652 2445 judicii
674 2367 874 2443 suspectum
897 2359 1116 2437 habentibus,
1138 2360 1232 2424 facta
1260 2367 1315 2424 est

362 2468 503 2544 repente
532 2461 675 2526 tonitrui
695 2461 782 2524 adeo
808 2459 981 2523 horribilis
1004 2478 1109 2542 super
1133 2460 1314 2524 ecclesiam

360 2560 553 2637 concussio,
576 2569 616 2625 ut
629 2561 705 2645 ipsa
720 2559 876 2624 ecclesiae
893 2559 1024 2624 fabrica
1043 2566 1119 2623 tota
1134 2579 1212 2622 cum
1227 2560 1315 2623 turri

361 2660 632 2724 eminentissima
654 2679 759 2742 super
780 2659 896 2742 capita
920 2659 1075 2723 emnium
1097 2679 1197 2723 ruere
1218 2660 1316 2723 vide·

362 2765 468 2824 retur.
519 2759 575 2823 Ex
602 2760 664 2823 illa
692 2767 807 2824 autem
833 2758 1012 2822 collisione
1042 2759 1185 2822 nubium
1213 2766 1314 2825 tanta

361 2857 515 2922 fulminis
536 2859 646 2924 exivit
665 2859 871 2933 coruscatio,
889 2864 930 2921 ut
952 2864 1028 2922 tota
1049 2859 1196 2922 ecclesia
1217 2859 1315 2923 intus

361 2957 465 3039 ignea
481 2958 655 3023 videretur
669 2979 678 3037 ;
705 2977 768 3022 nec
789 2957 900 3022 defuit
915 2957 1020 3021 foetor
1033 2957 1125 3021 inter
1145 2958 1220 3021 haec
1239 2979 1316 3022 orn·

362 3057 432 3135 nia,
460 3057 522 3121 sed
551 3057 603 3122 ita
628 3057 857 3122 intolerabilis
887 3056 1091 3133 habebatur,
1122 3065 1161 3120 ut
1194 3077 1316 3122 omnes

362 3157 422 3238 qui
445 3157 590 3221 aderant
607 3157 785 3238 exstingui
806 3157 979 3230 timerent,
1001 3157 1120 3239 sicque
1137 3157 1181 3219 ad
1205 3158 1317 3222 millia

363 3257 544 3339 utriusque
563 3275 669 3320 sexus
690 3255 878 3332 hominum,
895 3257 954 3338 qui
976 3255 1012 3320 in
1034 3257 1180 3321 ccclesia
1197 3266 1316 3341 verant,

363 3354 449 3419 nihil
476 3356 591 3419 verius
620 3375 725 3438 quam
753 3363 898 3419 mortem
932 3356 1162 3438 suspicantes
1191 3357 1317 3439 rapido

361 3473 467 3518 cursu
494 3457 704 3520 monasterio
734 3455 895 3519 exierunt
921 3457 1063 3520 attoniti
1091 3464 1128 3520 et
1152 3475 1318 3520 corruen-

362 3559 416 3617 tes
450 3554 486 3616 in
518 3561 646 3619 terram
687 3554 761 3619 sine
791 3574 896 3618 sensu
925 3555 1126 3637 aliquandiu
1156 3575 1316 3638 perman·

362 3660 493 3717 serunt.
546 3654 649 3718 Solus
678 3673 724 3718 ex
747 3655 841 3718 omni
867 3654 1088 3719 multitudine
1117 3656 1316 3738 episcopus,

362 3771 442 3815 cum
457 3773 527 3817 uno
544 3761 679 3818 tantum
701 3753 861 3830 diacono,
886 3762 967 3817 ante
987 3754 1101 3839 majus
1125 3754 1235 3819 altare
1257 3776 1318 3820 sa-

363 3852 432 3914 cris
461 3853 616 3917 vestibus
652 3852 795 3916 indutus
831 3853 997 3919 remansit
1028 3855 1222 3936 intrepidus
1253 3875 1319 3920 ex·

363 3959 527 4031 spectans
543 3951 684 4017 Domini
698 3952 923 4017 voluntatem.
955 3952 1047 4018 Aere
1068 3955 1209 4018 tandem
1233 3976 1320 4039 pur-

364 4056 460 4128 gato,
488 4070 567 4115 cum
601 4051 712 4115 omnis
742 4052 927 4117 multitudo
954 4053 1124 4118 evadendi
1153 4053 1318 4121 fiduciam

363 4151 580 4233 concepisset
596 4158 634 4215 et
649 4151 830 4215 ecclesiam
855 4151 980 4216 iterum
1004 4153 1129 4218 fuisset
1144 4154 1318 4236 ingressa,

363 4246 545 4333 episcopus
585 4250 758 4315 residuum
799 4251 915 4317 missae
951 4252 1076 4321 devote
1114 4254 1316 4340 complevit.
