2864 4866
187 593 244 632 A.D.
256 592 312 631 lats.

190 643 235 684 The
243 642 313 693 pope'r

189 704 278 733 censure
287 692 310 732 of

189 745 338 794 theemperor;

350 406 415 488 164
608 421 742 469 noctur
767 420 814 468 nn
837 419 1044 467 wnunovnn

353 582 441 646 diori
462 580 606 645 consilio
629 580 702 644 alta
724 578 934 644 intendimus
960 579 1111 643 remedia
1132 578 1300 657 invenire,

352 689 482 765 quanto
498 681 610 762 magis
632 680 819 744 necessitas
842 686 939 742 etex
954 680 1071 743 multis
1096 679 1219 743 inflata
1239 680 1302 743 do-

352 783 482 847 loribus
510 775 647 845 lnostra
676 778 818 861 grandis
847 780 1010 861 angustia
1037 780 1157 863 pavit3
1190 786 1226 842 et
1251 779 1302 842 sic

352 902 431 946 cum
458 881 629 945 Dominus
654 881 782 964 populo
805 898 869 942 suo
890 879 1061 942 modicum
1086 879 1238 944 ostendit
1263 898 1302 943 sc

352 983 493 1059 iratum,
513 980 556 1044 de
582 980 675 1044 illius
701 999 805 1042 manu
829 978 894 1042 hoc
918 985 1073 1062 tempore
1095 966 1325 1043 sacrificium

354 1102 424 1146 non
441 1087 638 1164 acceptans
661 1081 720 1162 qui
742 1078 961 1163 prudentiam
984 1099 1054 1143 non
1075 1087 1129 1144 cst
1144 1080 1301 1144 imitatus

353 1182 504 1259 illorum,
527 1201 589 1265 per
606 1199 707 1263 quem
725 1179 821 1243 salus
837 1179 873 1242 in
890 1178 1000 1243 Israel
1017 1179 1092 1243 fieri
1110 1180 1300 1246 consuevit.

355 1281 437 1346 Non
450 1289 565 1346 tamen
578 1279 821 1343 misericordiae
830 1279 898 1342 Dei
907 1288 988 1344 sunt
1000 1286 1226 1363 consumptae,
1239 1299 1303 1344 nec

355 1381 430 1465 ejus
458 1381 695 1445 miserationes
711 1379 862 1461 ‚penitus
889 1378 1098 1445 defecerunt.
1151 1380 1302 1463 Speran-

355 1488 408 1546 tes
430 1500 578 1564 namque
598 1480 634 1543 in
655 1479 889 1543 misericordia
903 1480 971 1544 Dei
993 1481 1115 1558 nostri,
1131 1481 1192 1564 qui
1207 1479 1302 1545 viam

356 1581 455 1645 nobis
475 1580 639 1657 ostendit,
659 1599 720 1662 per
740 1598 844 1663 quam
863 1580 899 1642 in
921 1579 986 1643 hoc
1010 1600 1113 1663 opere
1138 1600 1303 1664 prospere

356 1680 567 1762 gradiamur,
593 1687 628 1744 et
650 1681 743 1744 viros
774 1680 963 1744 secundum
988 1700 1172 1745 corsuum
1197 1681 1302 1744 desti-

356 1780 465 1860 nabit,
491 1780 551 1865 qui
573 1781 771 1863 praecedant
793 1781 829 1844 in
854 1780 967 1845 cordis
990 1781 1142 1863 puritate
1170 1801 1212 1845 ac
1231 1798 1305 1844 ma-

356 1900 463 1946 nuum
478 1881 648 1946 munditia
664 1881 854 1945 exercitum
869 1879 1114 1946 Christianum.
1149 1882 1303 1964 Ideoque

356 1981 608 2046 fraternitatem
641 1988 790 2045 vestram
822 1981 1041 2045 obsecramus
1072 1982 1108 2045 in
1140 1981 1304 2059 Domino,

356 2101 419 2164 per
445 2082 637 2166 apostolica
667 2080 797 2165 scripta
825 2080 1055 2164 praecipiendo
1085 2082 1303 2158 mandantes,

357 2189 528 2263 quatenus
552 2182 627 2246 haec
651 2182 744 2246 clero
768 2186 803 2244 et
824 2180 960 2263 populis
986 2181 1085 2245 vobis
1111 2183 1303 2246 commissis

358 2281 504 2347 fideliter
530 2289 756 2365 exponentes
787 2299 828 2345 ac
859 2281 1059 2345 inducentes
1088 2283 1226 2346 eosdem
1257 2283 1302 2346 ad

357 2380 432 2446 haec
454 2383 688 2464 exsequenda,
714 2378 796 2445 suos
820 2381 985 2445 studeant
1006 2381 1139 2446 animos
1166 2402 1302 2466 praepa-

357 2501 454 2561 rare3
489 2489 524 2546 et
555 2483 650 2564 ipsos
683 2480 726 2544 ad
757 2481 997 2546 vindicandam
1025 2481 1187 2565 injuriam
1215 2483 1238 2546 J
1242 2501 1303 2546 esu

359 2580 488 2645 Christi
512 2582 641 2646 sedulis
664 2580 964 2646 exhortationibus
983 2581 1149 2660 invitetis,
1167 2591 1206 2647 ut
1221 2603 1301 2647 cum

357 2682 452 2764 ipsos
483 2682 581 2746 sedes
606 2681 810 2764 apostolica,
839 2682 958 2747 habito
984 2682 1109 2766 majori
1137 2690 1301 2760 tractatu,

357 2781 593 2846 sollicitandos
623 2782 825 2866 providerit,
860 2790 1038 2867 promptos
1074 2783 1230 2848 inveniat
1268 2792 1305 2848 et

356 2888 510 2964 paratos.
563 2881 685 2960 Porro,
716 2902 759 2946 ne
784 2877 950 2966 tanquam
975 2903 1079 2948 canes
1102 2885 1202 2962 muti,
1232 2904 1303 2947 non

358 2982 514 3046 valentes
531 2982 671 3060 latrare,
685 2981 865 3047 videamur
877 2983 1008 3047 deferre
1030 2984 1161 3049 homini
1181 2990 1304 3048 contra

260 3134 264 3139 .
358 3082 485 3159 Deum,
511 3102 579 3146 non
603 3090 777 3147 sumentes
799 3083 965 3147 ultionem
988 3083 1031 3147 de
1051 3085 1124 3162 illo,
1143 3085 1204 3168 qui
1226 3090 1304 3148 tan-

358 3189 430 3246 tam
454 3183 618 3266 injuriam
632 3184 669 3247 in
686 3183 753 3247 Dei
770 3184 899 3267 populo
920 3185 1131 3267 procuravit,
1153 3186 1303 3268 impera·

358 3291 468 3347 torem
483 3282 643 3347 videlicet
662 3283 893 3360 Fredericum,
909 3283 968 3366 qui
984 3303 1048 3348 nec
1064 3284 1306 3351 transfretavit

357 3381 394 3446 in
412 3383 558 3448 termino
576 3383 778 3462 constitut0,
799 3402 862 3448 nec
879 3384 961 3449 illuc
978 3385 1014 3447 in
1031 3385 1163 3449 taxatis
1183 3404 1306 3469 passa-

358 3482 424 3564 giis
450 3484 690 3567 praescriptam
709 3485 890 3567 pecuniam
907 3483 1106 3563 destinavit,
1125 3505 1190 3549 nec
1210 3486 1306 3551 mille

358 3581 459 3646 duxit
487 3583 613 3647 milites
643 3602 706 3665 per
730 3583 903 3648 biennium
933 3585 1099 3650 tenendos
1130 3584 1174 3650 ad
1203 3605 1306 3651 suum

358 3682 567 3765 stipendium
595 3702 658 3764 pro
689 3682 842 3748 subsidio
876 3690 977 3748 terrae
1006 3693 1138 3750 sanctae
1164 3686 1304 3765 ibidem,

357 3782 417 3846 sed
439 3783 475 3845 in
494 3783 783 3846 tribusarticuiis
805 3784 986 3848 manifesto
1007 3784 1170 3849 deficiens
1188 3787 1225 3849 in
1247 3785 1307 3850 de-

357 3882 495 3965 scriptae
528 3883 894 3948 excommunicationis
935 3883 1097 3966 laqueum
1125 3886 1306 3951 ultroneus

356 4001 394 4047 se
417 3982 575 4066 ingessit,
599 3983 948 4061 excommunicatum,
973 4004 1173 4068 quanquam
1192 3986 1306 4066 inviti,

626 4207 635 4240 ¹
646 4210 760 4275 Nostra]
777 4211 786 4238 ‘
793 4211 926 4260 Nostram'
935 4211 962 4260 in
973 4211 1031 4263 MS.
