2864 4866
389 423 455 489 260
650 437 784 487 nocam
807 437 854 484 nn
876 435 1084 485 wannovna

233 626 355 669 anan.
392 607 466 666 tum
497 604 653 664 nostrum
683 596 800 662 taliter
832 595 1018 679 impleturi,
1046 595 1138 678 quod
1168 594 1339 659 ultionum

395 701 491 765 Deus
521 700 556 763 in
594 699 654 762 illo
685 696 861 762 tremendo
887 694 1032 779 judicio,
1063 696 1122 778 qui
1155 695 1340 778 unicuique

390 800 496 886 juxta
517 819 623 882 opera
646 816 709 862 sua
729 797 860 873 reddet,
882 796 924 858 de
946 796 1105 859 manibus
1122 796 1248 859 destris
1272 815 1341 859 non

395 900 550 983 requirat
571 898 774 980 sanguinem
803 894 1001 972 eorundem,
1028 902 1063 958 et
1084 914 1147 958 nos
1173 895 1218 958 ad
1240 895 1275 958 id
1299 896 1341 959 li-

395 1019 487 1063 mam
513 997 735 1063 correctionis
764 995 965 1079 apostolicae
995 1014 1169 1078 apponere
1192 1014 1261 1058 non
1284 1015 1343 1059 co-

396 1118 532 1182 gamur.
584 1098 679 1162 Data
705 1095 850 1178 Spoleti,
874 1095 996 1176 quinto
1020 1094 1097 1159 idus
1119 1093 1231 1172 Junii,
1255 1114 1343 1178 pon-

397 1198 548 1263 tificatus
564 1196 673 1262 nostri
689 1214 781 1260 anno
800 1194 925 1259 sexto!

446 1369 496 1434 Do
512 1368 687 1433 visitatiom
693 1367 847 1454 saeiaada
864 1389 957 1454 saper
972 1367 1112 1432 meletias
1125 1378 1289 1455 comptas.

449 1492 540 1557 Aliis
571 1499 687 1556 autem
716 1490 869 1555 ecclesiis
899 1499 934 1556 et
959 1489 1041 1555 viris
1074 1491 1257 1574 religiosis,
1284 1495 1344 1577 qui

398 1592 595 1657 immediate
626 1593 669 1656 ad
700 1590 895 1656 Romanam
926 1592 1130 1674 spectabant
1151 1593 1344 1672 ecclesiam,

399 1712 469 1756 non
490 1693 683 1775 episcopos,
702 1692 763 1756 sed
782 1692 938 1769 abbates,
958 1691 1087 1756 ordinis
1104 1690 1345 1758 cisterciensis

398 1793 549 1857 maxime
576 1799 611 1856 et
634 1791 990 1868 Praemonstratensis,
1016 1792 1214 1856 visitatores
1236 1793 1343 1872 dedit,

399 1893 493 1958 viros
522 1892 654 1956 scilicet
672 1891 876 1956 indiscretos
904 1899 940 1955 et
964 1884 1083 1955 ¹nimis
1108 1911 1263 1975 asperos,
1285 1895 1344 1978 qui

398 1991 435 2055 in
461 1993 527 2057 hac
545 1993 745 2057 visitatione
766 1992 817 2056 ita
840 1991 1028 2057 insolenter
1049 1999 1085 2056 et
1103 1992 1344 2058 immisericor-

399 2092 489 2156 diter
509 2097 763 2176 processerunt,
785 2091 876 2174 quod
894 2091 930 2154 in
952 2091 1109 2175 pluribus
1127 2096 1345 2160 monasteriis

399 2192 544 2256 rationis
578 2198 689 2256 metas
716 2191 922 2255 excedentes
951 2192 1191 2274 compulerunt
1217 2194 1345 2260 multos

399 2293 444 2356 ad
469 2291 655 2356 remedium
680 2290 924 2375 appellationis
948 2292 1159 2374 confugere3
1189 2293 1249 2376 qni
1272 2294 1346 2360 Ro-

400 2411 492 2455 mam
512 2391 669 2475 profecti,
690 2398 770 2474 post
786 2390 914 2455 multas
933 2393 1088 2474 pecuniae
1107 2391 1292 2458 effusiones
1311 2403 1347 2460 et

400 2491 534 2556 labores
544 2511 614 2555 non
623 2492 788 2568 modicos,
799 2491 999 2555 visitatores
1008 2493 1095 2557 alios
1103 2492 1342 2574 impetrarunt.

401 2590 459 2668 Et,
476 2599 517 2656 ut
532 2591 671 2656 tandem
688 2591 839 2656 breviter
855 2591 1003 2669 dicatur,
1015 2588 1091 2656 'ista
1106 2593 1261 2658 visitatio
1282 2615 1346 2676 per

399 2691 516 2755 orbem
544 2692 744 2756 universum
767 2691 811 2754 ad
833 2690 964 2754 ordinis
986 2692 1103 2774 potius
1127 2692 1348 2758 deformatio·

400 2810 490 2868 nem,
513 2810 618 2874 quam
639 2791 929 2868 reformationem,
953 2792 1143 2874 processit;
1166 2791 1249 2855 dum
1273 2813 1348 2857 om-

400 2910 474 2966 nes,
491 2892 551 2972 qui
568 2892 605 2954 in
626 2891 772 2955 diversis
795 2890 888 2955 orbis
912 2891 1071 2974 partibus
1094 2892 1231 2955 unicam
1251 2893 1347 2958 beati

400 2989 580 3054 Benedicti
602 2991 713 3054 secuti
728 2989 866 3053 fuerant
880 2991 1048 3072 regulam,
1062 3011 1124 3072 per
1137 3011 1247 3057 novas
1262 3013 1346 3057 con-

398 3089 597 3154 stitutiones
611 3090 662 3154 ita
676 3089 896 3154 inveniantur
910 3091 1039 3174 ubique
1051 3089 1239 3168 discordes,
1253 3095 1348 3176 quod

399 3208 443 3252 ex
462 3190 621 3253 omnibns
641 3190 808 3254 coenobiis
823 3190 879 3253 vel
896 3190 975 3254 aliis
991 3189 1144 3254 virorum
1165 3193 1347 3274 religioso·

398 3308 475 3352 rum
490 3288 645 3354 ecclesiis
661 3290 722 3353 vix
738 3288 807 3353 duo
822 3289 1016 3355 habeantur
1030 3291 1068 3354 in
1086 3311 1208 3356 norma
1223 3293 1347 3358 viven-

398 3386 433 3451 di
448 3388 647 3454 concordes,
682 3389 816 3453 Verum
830 3390 938 3453 abbas
948 3391 1090 3474 quidam
1102 3391 1349 3473 Montis-belli,

397 3487 479 3551 dum
491 3487 528 3551 in
541 3488 607 3553 hac
622 3489 820 3553 visitatione
835 3490 1020 3572 procedere
1037 3491 1249 3570 formidaret,
1264 3514 1349 3558 con·

397 3587 505 3652 suluit
521 3588 696 3652 dominnm
721 3607 849 3672 papam
872 3610 978 3672 snper
1000 3591 1114 3656 dubiis
1139 3593 1349 3675 quibusdam

433 3782 542 3835 Uttaris
555 3787 673 3851 apem]
698 3789 731 3839 In
747 3790 790 3840 the
806 3790 861 3839 An·
885 3792 1049 3842 butinvain·
1076 3792 1352 3847 'llrenblaotothes-

397 3854 860 3918 nlllnnstapisrerordedtltcse·
885 3862 944 3911 ham
964 3863 1075 3924 escaped
1094 3864 1130 3924 by
1145 3863 1278 3928 declaring
1292 3867 1351 3917 tint

397 3926 619 3986 verltyuurised
637 3930 673 3989 by
687 3930 765 3992 John,
782 3931 860 3980 abbot
884 3935 1097 3994 monastersonly
1110 3935 1288 3996 exmptl'rom
1302 3938 1349 3987 tlte

396 3994 428 4045 cl
434 3995 544 4059 Boxley,
553 3999 605 4046 and
615 3999 656 4048 his
666 4000 821 4062 rolloeguec,
831 4002 857 4048 in
883 4002 975 4064 hishop
990 4004 1021 4052 ot
1031 4000 1195 4053 Woroester’s
1209 4006 1352 4071 visiblia,

396 4067 514 4128 carrying
530 4067 628 4118 ontthe
639 4071 768 4119 visitation
778 4070 858 4119 ottho
883 4073 934 4120 and
944 4073 1351 4133 liable‚thernfore,toberirited

395 4139 558 4186 momoria
567 4139 598 4187 ot
603 4139 647 4187 the
658 4140 741 4188 Black
752 4140 857 4190 otonks.
882 4142 917 4202 by
927 4143 971 4191 the
980 4143 1133 4206 arrhbisltop
1139 4144 1348 4211 ofCanterbnm

393 4204 449 4254 'ilie
466 4208 557 4257 Μὴ
577 4210 704 4271 appenird
722 4216 750 4258 to
768 4211 975 4274 ltu-epate
